@ARTICLE{2021yCat.2367....0M,
  author =	 {{McMahon}, R.~G. and {Banerji}, M. and {Gonzalez},
                  E. and {Koposov}, S.~E. and {Bejar}, V.~J. and
                  {Lodieu}, N. and {Rebolo}, R. and {VHS
                  Collaboration}},
  title =	 "{VizieR Online Data Catalog: The VISTA Hemisphere
                  Survey (VHS) catalog DR5 (McMahon+, 2020)}",
  journal =	 {VizieR Online Data Catalog},
  keywords =	 {ESO},
  year =	 2021,
  month =	 jan,
  eid =		 {II/367},
  pages =	 {II/367},
  adsurl =
                  {https://ui.adsabs.harvard.edu/abs/2021yCat.2367....0M},
  adsnote =	 {Provided by the SAO/NASA Astrophysics Data System}
}
@INPROCEEDINGS{2002EAS.....2..199H,
  author =	 {{Haywood}, M. and {Jordi}, C.},
  title =	 "{Field Brown Dwarfs {\amp} GAIA}",
  booktitle =	 {EAS Publications Series},
  year =	 2002,
  series =	 {EAS Publications Series},
  volume =	 2,
  editor =	 {{Bienayme}, O. and {Turon}, C.},
  pages =	 {199-205},
  doi =		 {10.1051/eas:2002018},
  adsurl =	 {http://cdsads.u-strasbg.fr/abs/2002EAS.....2..199H},
  adsnote =	 {Provided by the SAO/NASA Astrophysics Data System}
}

@ARTICLE{2003ApJ...596..561M,
  author =	 {{McLean}, I.~S. and {McGovern}, M.~R. and
                  {Burgasser}, A.~J. and {Kirkpatrick}, J.~D. and
                  {Prato}, L. and {Kim}, S.~S.},
  title =	 "{The NIRSPEC Brown Dwarf Spectroscopic
                  Survey. I. Low-Resolution Near-Infrared Spectra}",
  journal =	 {\apj},
  eprint =	 {arXiv:astro-ph/0309257},
  keywords =	 {Infrared: Stars, Stars: Low-Mass, Brown Dwarfs,
                  Surveys, Techniques: Spectroscopic},
  year =	 2003,
  month =	 oct,
  volume =	 596,
  pages =	 {561-586},
  doi =		 {10.1086/377636},
  adsurl =	 {http://cdsads.u-strasbg.fr/abs/2003ApJ...596..561M},
  adsnote =	 {Provided by the SAO/NASA Astrophysics Data System}
}

@ARTICLE{2003PASP..115..362R,
  author =	 {{Rayner}, J.~T. and {Toomey}, D.~W. and {Onaka},
                  P.~M. and {Denault}, A.~J. and {Stahlberger},
                  W.~E. and {Vacca}, W.~D. and {Cushing}, M.~C. and
                  {Wang}, S.},
  title =	 "{SpeX: A Medium-Resolution 0.8-5.5 Micron
                  Spectrograph and Imager for the NASA Infrared
                  Telescope Facility}",
  journal =	 {\pasp},
  keywords =	 {Stars: Hertzsprung-Russell Diagram, Instrumentation:
                  Detectors, Instrumentation: Spectrographs, Stars:
                  Low-Mass, Brown Dwarfs, Stars: Wolf-Rayet},
  year =	 2003,
  month =	 mar,
  volume =	 115,
  pages =	 {362-382},
  doi =		 {10.1086/367745},
  adsurl =	 {http://cdsads.u-strasbg.fr/abs/2003PASP..115..362R},
  adsnote =	 {Provided by the SAO/NASA Astrophysics Data System}
}

@ARTICLE{2003PASP..115..389V,
  author =	 {{Vacca}, W.~D. and {Cushing}, M.~C. and {Rayner},
                  J.~T.},
  title =	 "{A Method of Correcting Near-Infrared Spectra for
                  Telluric Absorption}",
  journal =	 {\pasp},
  eprint =	 {astro-ph/0211255},
  keywords =	 {Atmospheric Effects, Methods: Data Analysis,
                  Techniques: Spectroscopic},
  year =	 2003,
  month =	 mar,
  volume =	 115,
  pages =	 {389-409},
  doi =		 {10.1086/346193},
  adsurl =	 {http://cdsads.u-strasbg.fr/abs/2003PASP..115..389V},
  adsnote =	 {Provided by the SAO/NASA Astrophysics Data System}
}

@ARTICLE{2004ApJ...610.1045S,
  author =	 {{Slesnick}, C.~L. and {Hillenbrand}, L.~A. and
                  {Carpenter}, J.~M.  },
  title =	 "{The Spectroscopically Determined Substellar Mass
                  Function of the Orion Nebula Cluster}",
  journal =	 {\apj},
  eprint =	 {astro-ph/0404292},
  keywords =	 {Infrared: Stars, open clusters and associations:
                  individual (Orion Nebula cluster), Stars: Low-Mass,
                  Brown Dwarfs, Stars: Luminosity Function, Mass
                  Function, Stars: Pre-Main-Sequence},
  year =	 2004,
  month =	 aug,
  volume =	 610,
  pages =	 {1045-1063},
  doi =		 {10.1086/421898},
  adsurl =	 {http://cdsads.u-strasbg.fr/abs/2004ApJ...610.1045S},
  adsnote =	 {Provided by the SAO/NASA Astrophysics Data System}
}

@ARTICLE{2004PASP..116..362C,
  author =	 {{Cushing}, M.~C. and {Vacca}, W.~D. and {Rayner},
                  J.~T.},
  title =	 "{Spextool: A Spectral Extraction Package for SpeX, a
                  0.8-5.5 Micron Cross-Dispersed Spectrograph}",
  journal =	 {\pasp},
  keywords =	 {Instrumentation: Spectrographs, Methods: Data
                  Analysis, Techniques: Spectroscopic},
  year =	 2004,
  month =	 apr,
  volume =	 116,
  pages =	 {362-376},
  doi =		 {10.1086/382907},
  adsurl =	 {http://cdsads.u-strasbg.fr/abs/2004PASP..116..362C},
  adsnote =	 {Provided by the SAO/NASA Astrophysics Data System}
}

@ARTICLE{2005ApJ...625..838B,
  author =	 {{Bergeron}, P. and {Ruiz}, Mar{\'\i}a Teresa and
                  {Hamuy}, M. and {Leggett}, S.~K. and {Currie},
                  M.~J. and {Lajoie}, C. -P. and {Dufour}, P.},
  title =	 "{On the Interpretation of High-Velocity White Dwarfs
                  as Members of the Galactic Halo}",
  journal =	 {\apj},
  keywords =	 {Galaxy: Halo, Stars: Fundamental Parameters, :
                  Alphanumeric: LHS 1402, Stars: Individual:
                  Alphanumeric: WD 2356-209, Stars: Kinematics, Stars:
                  White Dwarfs, Astrophysics},
  year =	 2005,
  month =	 jun,
  volume =	 625,
  number =	 2,
  pages =	 {838-848},
  doi =		 {10.1086/429715},
  archivePrefix ={arXiv},
  eprint =	 {astro-ph/0502350},
  primaryClass = {astro-ph},
  adsurl =
                  {https://ui.adsabs.harvard.edu/abs/2005ApJ...625..838B},
  adsnote =	 {Provided by the SAO/NASA Astrophysics Data System}
}

@ARTICLE{2006AJ....131.1163S,
  author =	 {{Skrutskie}, M.~F. and {Cutri}, R.~M. and
                  {Stiening}, R. and {Weinberg}, M.~D. and
                  {Schneider}, S. and {Carpenter}, J.~M. and
                  {Beichman}, C. and {Capps}, R. and {Chester}, T. and
                  {Elias}, J. and {Huchra}, J. and {Liebert}, J. and
                  {Lonsdale}, C. and {Monet}, D.~G. and {Price},
                  S. and {Seitzer}, P. and {Jarrett}, T. and
                  {Kirkpatrick}, J.~D. and {Gizis}, J.~E. and
                  {Howard}, E. and {Evans}, T. and {Fowler}, J. and
                  {Fullmer}, L. and {Hurt}, R. and {Light}, R. and
                  {Kopan}, E.~L. and {Marsh}, K.~A. and {McCallon},
                  H.~L. and {Tam}, R. and {Van Dyk}, S. and
                  {Wheelock}, S.},
  title =	 "{The Two Micron All Sky Survey (2MASS)}",
  journal =	 {\aj},
  keywords =	 {Catalogs, Infrared: General, Surveys},
  year =	 2006,
  month =	 feb,
  volume =	 131,
  pages =	 {1163-1183},
  doi =		 {10.1086/498708},
  adsurl =	 {http://cdsads.u-strasbg.fr/abs/2006AJ....131.1163S},
  adsnote =	 {Provided by the SAO/NASA Astrophysics Data System}
}

@ARTICLE{2007ApJ...657..511A,
  author =	 {{Allers}, K.~N. and {Jaffe}, D.~T. and {Luhman},
                  K.~L. and {Liu}, M.~C. and {Wilson}, J.~C. and
                  {Skrutskie}, M.~F. and {Nelson}, M. and {Peterson},
                  D.~E. and {Smith}, J.~D. and {Cushing}, M.~C.},
  title =	 "{Characterizing Young Brown Dwarfs Using
                  Low-Resolution Near-Infrared Spectra}",
  journal =	 {\apj},
  eprint =	 {astro-ph/0611408},
  keywords =	 {Infrared: Stars, Stars: Formation, Stars: Low-Mass,
                  Brown Dwarfs},
  year =	 2007,
  month =	 mar,
  volume =	 657,
  pages =	 {511-520},
  doi =		 {10.1086/510845},
  adsurl =	 {http://cdsads.u-strasbg.fr/abs/2007ApJ...657..511A},
  adsnote =	 {Provided by the SAO/NASA Astrophysics Data System}
}

@INPROCEEDINGS{2008SPIE.7014E..0XH,
  author =	 {{Herter}, T.~L. and {Henderson}, C.~P. and {Wilson},
                  J.~C. and {Matthews}, K.~Y. and {Rahmer}, G. and
                  {Bonati}, M. and {Muirhead}, P.~S. and {Adams},
                  J.~D. and {Lloyd}, J.~P. and {Skrutskie}, M.~F. and
                  {Moon}, D.-S. and {Parshley}, S.~C. and {Nelson},
                  M.~J. and {Martinache}, F. and {Gull}, G.~E.},
  title =	 "{The performance of TripleSpec at Palomar}",
  booktitle =	 {Ground-based and Airborne Instrumentation for
                  Astronomy II},
  year =	 2008,
  series =	 {\procspie},
  volume =	 7014,
  month =	 jul,
  eid =		 {70140X},
  pages =	 {70140X},
  doi =		 {10.1117/12.789660},
  adsurl =	 {http://cdsads.u-strasbg.fr/abs/2008SPIE.7014E..0XH},
  adsnote =	 {Provided by the SAO/NASA Astrophysics Data System}
}

@ARTICLE{2009AJ....137.3345C,
  author =	 {{Cruz}, K.~L. and {Kirkpatrick}, J.~D. and
                  {Burgasser}, A.~J.  },
  title =	 "{Young L Dwarfs Identified in the Field: A
                  Preliminary Low-Gravity, Optical Spectral Sequence
                  from L0 to L5}",
  journal =	 {\aj},
  archivePrefix ="arXiv",
  eprint =	 {0812.0364},
  keywords =	 {open clusters and associations: general, stars:
                  fundamental parameters, stars: late-type, stars:
                  low-mass, brown dwarfs},
  year =	 2009,
  month =	 feb,
  volume =	 137,
  pages =	 {3345-3357},
  doi =		 {10.1088/0004-6256/137/2/3345},
  adsurl =	 {http://cdsads.u-strasbg.fr/abs/2009AJ....137.3345C},
  adsnote =	 {Provided by the SAO/NASA Astrophysics Data System}
}

@ARTICLE{2010AJ....140.1868W,
  author =	 {{Wright}, E.~L. and {Eisenhardt}, P.~R.~M. and
                  {Mainzer}, A.~K. and {Ressler}, M.~E. and {Cutri},
                  R.~M. and {Jarrett}, T. and {Kirkpatrick}, J.~D. and
                  {Padgett}, D. and {McMillan}, R.~S. and {Skrutskie},
                  M. and {Stanford}, S.~A. and {Cohen}, M. and
                  {Walker}, R.~G. and {Mather}, J.~C. and {Leisawitz},
                  D. and {Gautier}, III, T.~N. and {McLean}, I. and
                  {Benford}, D. and {Lonsdale}, C.~J. and {Blain},
                  A. and {Mendez}, B. and {Irace}, W.~R. and {Duval},
                  V. and {Liu}, F. and {Royer}, D. and {Heinrichsen},
                  I. and {Howard}, J. and {Shannon}, M. and {Kendall},
                  M. and {Walsh}, A.~L. and {Larsen}, M. and {Cardon},
                  J.~G. and {Schick}, S. and {Schwalm}, M. and {Abid},
                  M. and {Fabinsky}, B. and {Naes}, L. and {Tsai},
                  C.-W.},
  title =	 "{The Wide-field Infrared Survey Explorer (WISE):
                  Mission Description and Initial On-orbit
                  Performance}",
  journal =	 {\aj},
  archivePrefix ="arXiv",
  eprint =	 {1008.0031},
  primaryClass = "astro-ph.IM",
  keywords =	 {infrared: general, space vehicles, surveys},
  year =	 2010,
  month =	 dec,
  volume =	 140,
  pages =	 {1868-1881},
  doi =		 {10.1088/0004-6256/140/6/1868},
  adsurl =	 {http://cdsads.u-strasbg.fr/abs/2010AJ....140.1868W},
  adsnote =	 {Provided by the SAO/NASA Astrophysics Data System}
}

@ARTICLE{2013A&A...550A..44S,
  author =	 {{Sarro}, L.~M. and {Berihuete}, A. and
                  {Carri{\'o}n}, C. and {Barrado}, D. and {Cruz},
                  P. and {Isasi}, Y.},
  title =	 "{Properties of ultra-cool dwarfs with Gaia. An
                  assessment of the accuracy for the temperature
                  determination}",
  journal =	 {\aap},
  archivePrefix ="arXiv",
  eprint =	 {1212.3096},
  primaryClass = "astro-ph.IM",
  keywords =	 {methods: data analysis, methods: statistical,
                  catalogs, brown dwarfs, stars: fundamental
                  parameters},
  year =	 2013,
  month =	 feb,
  volume =	 550,
  eid =		 {A44},
  pages =	 {A44},
  doi =		 {10.1051/0004-6361/201219867},
  adsurl =	 {http://adsabs.harvard.edu/abs/2013A&A...550A..44S},
  adsnote =	 {Provided by the SAO/NASA Astrophysics Data System}
}

@ARTICLE{2013ApJ...772...79A,
  author =	 {{Allers}, K.~N. and {Liu}, M.~C.},
  title =	 "{A Near-infrared Spectroscopic Study of Young Field
                  Ultracool Dwarfs}",
  journal =	 {\apj},
  archivePrefix ="arXiv",
  eprint =	 {1305.4418},
  primaryClass = "astro-ph.SR",
  keywords =	 {brown dwarfs, infrared: stars, planets and
                  satellites: atmospheres, stars: low-mass },
  year =	 2013,
  month =	 aug,
  volume =	 772,
  eid =		 79,
  pages =	 79,
  doi =		 {10.1088/0004-637X/772/2/79},
  adsurl =	 {http://adsabs.harvard.edu/abs/2013ApJ...772...79A},
  adsnote =	 {Provided by the SAO/NASA Astrophysics Data System}
}

@ARTICLE{2014MmSAI..85..649S,
  author =	 {{Smart}, R.~L.},
  title =	 "{L/T dwarfs that Gaia will see }",
  journal =	 {\memsai},
  keywords =	 {Brown dwarfs, Stars: low-mass, Astrometry,
                  Parallaxes, Proper motions, Surveys},
  year =	 2014,
  volume =	 85,
  pages =	 649,
  adsurl =	 {http://adsabs.harvard.edu/abs/2014MmSAI..85..649S},
  adsnote =	 {Provided by the SAO/NASA Astrophysics Data System}
}

@ARTICLE{2015ApJ...810..158F,
  author =	 {{Filippazzo}, J.~C. and {Rice}, E.~L. and {Faherty},
                  J. and {Cruz}, K.~L. and {Van Gordon}, M.~M. and
                  {Looper}, D.~L.},
  title =	 "{Fundamental Parameters and Spectral Energy
                  Distributions of Young and Field Age Objects with
                  Masses Spanning the Stellar to Planetary Regime}",
  journal =	 {\apj},
  archivePrefix ="arXiv",
  eprint =	 {1508.01767},
  primaryClass = "astro-ph.SR",
  keywords =	 {brown dwarfs, stars: fundamental parameters, stars:
                  low-mass},
  year =	 2015,
  month =	 sep,
  volume =	 810,
  eid =		 158,
  pages =	 158,
  doi =		 {10.1088/0004-637X/810/2/158},
  adsurl =	 {http://adsabs.harvard.edu/abs/2015ApJ...810..158F},
  adsnote =	 {Provided by the SAO/NASA Astrophysics Data System}
}

@ARTICLE{2015MNRAS.449.3651M,
  author =	 {{Marocco}, F. and {Jones}, H.~R.~A. and {Day-Jones},
                  A.~C. and {Pinfield}, D.~J. and {Lucas}, P.~W. and
                  {Burningham}, B. and {Zhang}, Z.~H. and {Smart},
                  R.~L. and {Gomes}, J.~I. and {Smith}, L.  },
  title =	 "{A large spectroscopic sample of L and T dwarfs from
                  UKIDSS LAS: peculiar objects, binaries, and space
                  density}",
  journal =	 {\mnras},
  archivePrefix ="arXiv",
  eprint =	 {1503.05082},
  primaryClass = "astro-ph.SR",
  keywords =	 {binaries: spectroscopic, brown dwarfs, stars:
                  low-mass, stars: luminosity function, mass function},
  year =	 2015,
  month =	 jun,
  volume =	 449,
  pages =	 {3651-3692},
  doi =		 {10.1093/mnras/stv530},
  adsurl =	 {http://cdsads.u-strasbg.fr/abs/2015MNRAS.449.3651M},
  adsnote =	 {Provided by the SAO/NASA Astrophysics Data System}
}

@ARTICLE{2016A&A...589A..49S,
  author =	 {{Skrzypek}, N. and {Warren}, S.~J. and {Faherty},
                  J.~K.},
  title =	 "{Photometric brown-dwarf classification. II. A
                  homogeneous sample of 1361 L and T dwarfs brighter
                  than J = 17.5 with accurate spectral types}",
  journal =	 {\aap},
  archivePrefix ="arXiv",
  eprint =	 {1602.08582},
  primaryClass = "astro-ph.IM",
  keywords =	 {catalogs, surveys, stars: low-mass, brown dwarfs},
  year =	 2016,
  month =	 may,
  volume =	 589,
  eid =		 {A49},
  pages =	 {A49},
  doi =		 {10.1051/0004-6361/201527359},
  adsurl =	 {http://cdsads.u-strasbg.fr/abs/2016A&A...589A..49S},
  adsnote =	 {Provided by the SAO/NASA Astrophysics Data System}
}

@ARTICLE{2016ApJS..225...10F,
  author =	 {{Faherty}, J.~K. and {Riedel}, A.~R. and {Cruz},
                  K.~L. and {Gagne}, J. and {Filippazzo}, J.~C. and
                  {Lambrides}, E. and {Fica}, H. and {Weinberger},
                  A. and {Thorstensen}, J.~R. and {Tinney}, C.~G. and
                  {Baldassare}, V. and {Lemonier}, E. and {Rice},
                  E.~L.},
  title =	 "{Population Properties of Brown Dwarf Analogs to
                  Exoplanets}",
  journal =	 {\apjs},
  archivePrefix ="arXiv",
  eprint =	 {1605.07927},
  primaryClass = "astro-ph.SR",
  keywords =	 {astrometry, brown dwarfs, stars: low-mass},
  year =	 2016,
  month =	 jul,
  volume =	 225,
  eid =		 10,
  pages =	 10,
  doi =		 {10.3847/0067-0049/225/1/10},
  adsurl =	 {http://cdsads.u-strasbg.fr/abs/2016ApJS..225...10F},
  adsnote =	 {Provided by the SAO/NASA Astrophysics Data System}
}

@ARTICLE{2016arXiv161205560C,
  author =	 {{Chambers}, K.~C. and {Magnier}, E.~A. and
                  {Metcalfe}, N. and {Flewelling}, H.~A. and {Huber},
                  M.~E. and {Waters}, C.~Z. and {Denneau}, L. and
                  {Draper}, P.~W. and {Farrow}, D. and {Finkbeiner},
                  D.~P. and {Holmberg}, C. and {Koppenhoefer}, J. and
                  {Price}, P.~A. and {Saglia}, R.~P. and {Schlafly},
                  E.~F. and {Smartt}, S.~J. and {Sweeney}, W. and
                  {Wainscoat}, R.~J. and {Burgett}, W.~S. and {Grav},
                  T. and {Heasley}, J.~N. and {Hodapp}, K.~W. and
                  {Jedicke}, R. and {Kaiser}, N. and {Kudritzki},
                  R.-P. and {Luppino}, G.~A. and {Lupton}, R.~H. and
                  {Monet}, D.~G. and {Morgan}, J.~S. and {Onaka},
                  P.~M. and {Stubbs}, C.~W. and {Tonry}, J.~L. and
                  {Banados}, E. and {Bell}, E.~F. and {Bender}, R. and
                  {Bernard}, E.~J. and {Botticella}, M.~T. and
                  {Casertano}, S. and {Chastel}, S. and {Chen},
                  W.-P. and {Chen}, X. and {Cole}, S. and {Deacon},
                  N. and {Frenk}, C. and {Fitzsimmons}, A. and
                  {Gezari}, S. and {Goessl}, C. and {Goggia}, T. and
                  {Goldman}, B. and {Grebel}, E.~K. and {Hambly},
                  N.~C. and {Hasinger}, G. and {Heavens}, A.~F. and
                  {Heckman}, T.~M. and {Henderson}, R. and {Henning},
                  T. and {Holman}, M. and {Hopp}, U. and {Ip},
                  W.-H. and {Isani}, S. and {Keyes}, C.~D. and
                  {Koekemoer}, A. and {Kotak}, R. and {Long},
                  K.~S. and {Lucey}, J.~R and {Liu}, M. and {Martin},
                  N.~F. and {McLean}, B. and {Morganson}, E. and
                  {Murphy}, D.~N.~A. and {Nieto-Santisteban},
                  M.~A. and {Norberg}, P. and {Peacock}, J.~A. and
                  {Pier}, E.~A. and {Postman}, M. and {Primak}, N. and
                  {Rae}, C. and {Rest}, A. and {Riess}, A. and
                  {Riffeser}, A. and {Rix}, H.~W. and {Roser}, S. and
                  {Schilbach}, E. and {Schultz}, A.~S.~B. and
                  {Scolnic}, D. and {Szalay}, A. and {Seitz}, S. and
                  {Shiao}, B. and {Small}, E. and {Smith}, K.~W. and
                  {Soderblom}, D. and {Taylor}, A.~N. and {Thakar},
                  A.~R. and {Thiel}, J. and {Thilker}, D. and {Urata},
                  Y. and {Valenti}, J. and {Walter}, F. and {Watters},
                  S.~P. and {Werner}, S. and {White}, R. and
                  {Wood-Vasey}, W.~M. and {Wyse}, R.},
  title =	 "{The Pan-STARRS1 Surveys}",
  journal =	 {ArXiv e-prints},
  archivePrefix ="arXiv",
  eprint =	 {1612.05560},
  primaryClass = "astro-ph.IM",
  keywords =	 {Astrophysics - Instrumentation and Methods for
                  Astrophysics, Astrophysics - Earth and Planetary
                  Astrophysics, Astrophysics - Astrophysics of
                  Galaxies, Astrophysics - Solar and Stellar
                  Astrophysics},
  year =	 2016,
  month =	 dec,
  adsurl =	 {http://cdsads.u-strasbg.fr/abs/2016arXiv161205560C},
  adsnote =	 {Provided by the SAO/NASA Astrophysics Data System}
}

@ARTICLE{2017AJ....154...32S,
  author =	 {{Subasavage}, John P. and {Jao}, Wei-Chun and
                  {Henry}, Todd J. and {Harris}, Hugh C. and {Dahn},
                  Conard C. and {Bergeron}, P. and {Dufour}, P. and
                  {Dunlap}, Bart H. and {Barlow}, Brad N. and {Ianna},
                  Philip A. and {L{\'e}pine}, S{\'e}bastien and
                  {Margheim}, Steven J.},
  title =	 "{The Solar Neighborhood. XXXIX. Parallax Results
                  from the CTIOPI and NOFS Programs: 50 New Members of
                  the 25 parsec White Dwarf Sample}",
  journal =	 {\aj},
  keywords =	 {astrometry, Galaxy: evolution, solar neighborhood,
                  stars: distances, white dwarfs, Astrophysics - Solar
                  and Stellar Astrophysics},
  year =	 2017,
  month =	 jul,
  volume =	 154,
  number =	 1,
  eid =		 32,
  pages =	 32,
  doi =		 {10.3847/1538-3881/aa76e0},
  archivePrefix ={arXiv},
  eprint =	 {1706.00709},
  primaryClass = {astro-ph.SR},
  adsurl =
                  {https://ui.adsabs.harvard.edu/abs/2017AJ....154...32S},
  adsnote =	 {Provided by the SAO/NASA Astrophysics Data System}
}

@ARTICLE{2017MNRAS.469..401S,
  author =	 {{Smart}, R.~L. and {Marocco}, F. and {Caballero},
                  J.~A. and {Jones}, H.~R.~A. and {Barrado}, D. and
                  {Beam{\'{\i}}n}, J.~C. and {Pinfield}, D.~J. and
                  {Sarro}, L.~M.},
  title =	 "{The Gaia ultracool dwarf sample - I. Known L and T
                  dwarfs and the first Gaia data release}",
  journal =	 {\mnras},
  archivePrefix ="arXiv",
  eprint =	 {1703.09454},
  primaryClass = "astro-ph.SR",
  keywords =	 {binaries: visual, brown dwarfs, Hertzsprung-Russell
                  and colour-magnitude diagrams, stars: late-type,
                  solar neighbourhood},
  year =	 2017,
  month =	 jul,
  volume =	 469,
  pages =	 {401-415},
  doi =		 {10.1093/mnras/stx800},
  adsurl =	 {http://cdsads.u-strasbg.fr/abs/2017MNRAS.469..401S},
  adsnote =	 {Provided by the SAO/NASA Astrophysics Data System}
}

@ARTICLE{2018A&A...616A...1G,
  author =	 {{Gaia Collaboration} and {Brown}, A.~G.~A. and
                  {Vallenari}, A. and {Prusti}, T. and {de Bruijne},
                  J.~H.~J. and {Babusiaux}, C. and {Bailer-Jones},
                  C.~A.~L. and {Biermann}, M. and {Evans}, D.~W. and
                  {Eyer}, L. and et al.},
  title =	 "{Gaia Data Release 2. Summary of the contents and
                  survey properties}",
  journal =	 {\aap},
  archivePrefix ="arXiv",
  eprint =	 {1804.09365},
  keywords =	 {catalogs, astrometry, techniques: radial velocities,
                  stars: fundamental parameters, stars: variables:
                  general, minor planets, asteroids: general},
  year =	 2018,
  month =	 aug,
  volume =	 616,
  eid =		 {A1},
  pages =	 {A1},
  doi =		 {10.1051/0004-6361/201833051},
  adsurl =	 {http://adsabs.harvard.edu/abs/2018A&A...616A...1G},
  adsnote =	 {Provided by the SAO/NASA Astrophysics Data System}
}

@ARTICLE{2018ApJ...868...44F,
  author =	 {{Faherty}, J.~K. and {Gagn{\'e}}, J. and
                  {Burgasser}, A.~J. and {Mamajek}, E.~E. and
                  {Gonzales}, E.~C. and {Bardalez Gagliuffi},
                  D.~C. and {Marocco}, F.},
  title =	 "{A Late-type L Dwarf at 11 pc Hiding in the Galactic
                  Plane Characterized Using Gaia DR2}",
  journal =	 {\apj},
  archivePrefix ="arXiv",
  eprint =	 {1805.01573},
  primaryClass = "astro-ph.SR",
  keywords =	 {astrometry, brown dwarfs, parallaxes, solar
                  neighborhood },
  year =	 2018,
  month =	 nov,
  volume =	 868,
  eid =		 44,
  pages =	 44,
  doi =		 {10.3847/1538-4357/aadd04},
  adsurl =	 {http://cdsads.u-strasbg.fr/abs/2018ApJ...868...44F},
  adsnote =	 {Provided by the SAO/NASA Astrophysics Data System}
}

@ARTICLE{2018ApJS..239...18A,
  author =	 {{Abbott}, T.~M.~C. and {Abdalla}, F.~B. and {Allam},
                  S. and {Amara}, A. and {Annis}, J. and {Asorey},
                  J. and {Avila}, S. and {Ballester}, O. and
                  {Banerji}, M. and {Barkhouse}, W. and {Baruah},
                  L. and {Baumer}, M. and {Bechtol}, K. and {Becker},
                  M.~R. and {Benoit-L{\'e}vy}, A. and {Bernstein},
                  G.~M. and {Bertin}, E. and {Blazek}, J. and
                  {Bocquet}, S. and {Brooks}, D. and {Brout}, D. and
                  {Buckley-Geer}, E. and {Burke}, D.~L. and {Busti},
                  V. and {Campisano}, R. and {Cardiel-Sas}, L. and
                  {Carnero Rosell}, A. and {Carrasco Kind}, M. and
                  {Carretero}, J. and {Castander}, F.~J. and
                  {Cawthon}, R. and {Chang}, C. and {Chen}, X. and
                  {Conselice}, C. and {Costa}, G. and {Crocce}, M. and
                  {Cunha}, C.~E. and {D'Andrea}, C.~B. and {da Costa},
                  L.~N. and {Das}, R. and {Daues}, G. and {Davis},
                  T.~M. and {Davis}, C. and {De Vicente}, J. and
                  {DePoy}, D.~L. and {DeRose}, J. and {Desai}, S. and
                  {Diehl}, H.~T. and {Dietrich}, J.~P. and {Dodelson},
                  S. and {Doel}, P. and {Drlica-Wagner}, A. and
                  {Eifler}, T.~F. and {Elliott}, A.~E. and {Evrard},
                  A.~E. and {Farahi}, A. and {Fausti Neto}, A. and
                  {Fernandez}, E. and {Finley}, D.~A. and {Flaugher},
                  B. and {Foley}, R.~J. and {Fosalba}, P. and
                  {Friedel}, D.~N. and {Frieman}, J. and
                  {Garc{\'\i}a-Bellido}, J. and {Gaztanaga}, E. and
                  {Gerdes}, D.~W. and {Giannantonio}, T. and {Gill},
                  M.~S.~S. and {Glazebrook}, K. and {Goldstein},
                  D.~A. and {Gower}, M. and {Gruen}, D. and {Gruendl},
                  R.~A. and {Gschwend}, J. and {Gupta}, R.~R. and
                  {Gutierrez}, G. and {Hamilton}, S. and {Hartley},
                  W.~G. and {Hinton}, S.~R. and {Hislop}, J.~M. and
                  {Hollowood}, D. and {Honscheid}, K. and {Hoyle},
                  B. and {Huterer}, D. and {Jain}, B. and {James},
                  D.~J. and {Jeltema}, T. and {Johnson}, M.~W.~G. and
                  {Johnson}, M.~D. and {Kacprzak}, T. and {Kent},
                  S. and {Khullar}, G. and {Klein}, M. and {Kovacs},
                  A. and {Koziol}, A.~M.~G. and {Krause}, E. and
                  {Kremin}, A. and {Kron}, R. and {Kuehn}, K. and
                  {Kuhlmann}, S. and {Kuropatkin}, N. and {Lahav},
                  O. and {Lasker}, J. and {Li}, T.~S. and {Li},
                  R.~T. and {Liddle}, A.~R. and {Lima}, M. and {Lin},
                  H. and {L{\'o}pez-Reyes}, P. and {MacCrann}, N. and
                  {Maia}, M.~A.~G. and {Maloney}, J.~D. and {Manera},
                  M. and {March}, M. and {Marriner}, J. and
                  {Marshall}, J.~L. and {Martini}, P. and
                  {McClintock}, T. and {McKay}, T. and {McMahon},
                  R.~G. and {Melchior}, P. and {Menanteau}, F. and
                  {Miller}, C.~J. and {Miquel}, R. and {Mohr},
                  J.~J. and {Morganson}, E. and {Mould}, J. and
                  {Neilsen}, E. and {Nichol}, R.~C. and {Nogueira},
                  F. and {Nord}, B. and {Nugent}, P. and {Nunes},
                  L. and {Ogando}, R.~L.~C. and {Old}, L. and {Pace},
                  A.~B. and {Palmese}, A. and {Paz-Chinch{\'o}n},
                  F. and {Peiris}, H.~V. and {Percival}, W.~J. and
                  {Petravick}, D. and {Plazas}, A.~A. and {Poh},
                  J. and {Pond}, C. and {Porredon}, A. and {Pujol},
                  A. and {Refregier}, A. and {Reil}, K. and {Ricker},
                  P.~M. and {Rollins}, R.~P. and {Romer}, A.~K. and
                  {Roodman}, A. and {Rooney}, P. and {Ross}, A.~J. and
                  {Rykoff}, E.~S. and {Sako}, M. and {Sanchez},
                  M.~L. and {Sanchez}, E. and {Santiago}, B. and
                  {Saro}, A. and {Scarpine}, V. and {Scolnic}, D. and
                  {Serrano}, S. and {Sevilla-Noarbe}, I. and
                  {Sheldon}, E. and {Shipp}, N. and {Silveira},
                  M.~L. and {Smith}, M. and {Smith}, R.~C. and
                  {Smith}, J.~A. and {Soares-Santos}, M. and
                  {Sobreira}, F. and {Song}, J. and {Stebbins}, A. and
                  {Suchyta}, E. and {Sullivan}, M. and {Swanson},
                  M.~E.~C. and {Tarle}, G. and {Thaler}, J. and
                  {Thomas}, D. and {Thomas}, R.~C. and {Troxel},
                  M.~A. and {Tucker}, D.~L. and {Vikram}, V. and
                  {Vivas}, A.~K. and {Walker}, A.~R. and {Wechsler},
                  R.~H. and {Weller}, J. and {Wester}, W. and {Wolf},
                  R.~C. and {Wu}, H. and {Yanny}, B. and {Zenteno},
                  A. and {Zhang}, Y. and {Zuntz}, J. and {DES
                  Collaboration} and {Juneau}, S. and {Fitzpatrick},
                  M. and {Nikutta}, R. and {Nidever}, D. and {Olsen},
                  K. and {Scott}, A. and {NOAO Data Lab}},
  title =	 "{The Dark Energy Survey: Data Release 1}",
  journal =	 {\apjs},
  keywords =	 {astronomical databases: miscellaneous, catalogs,
                  cosmology: observations, surveys, techniques: image
                  processing, techniques: photometric, Astrophysics -
                  Instrumentation and Methods for Astrophysics,
                  Astrophysics - Cosmology and Nongalactic
                  Astrophysics, Astrophysics - Astrophysics of
                  Galaxies, Astrophysics - Solar and Stellar
                  Astrophysics},
  year =	 2018,
  month =	 dec,
  volume =	 239,
  number =	 2,
  eid =		 18,
  pages =	 18,
  doi =		 {10.3847/1538-4365/aae9f0},
  archivePrefix ={arXiv},
  eprint =	 {1801.03181},
  primaryClass = {astro-ph.IM},
  adsurl =
                  {https://ui.adsabs.harvard.edu/abs/2018ApJS..239...18A},
  adsnote =	 {Provided by the SAO/NASA Astrophysics Data System}
}

@ARTICLE{2018MNRAS.480.5447Z,
  author =	 {{Zhang}, Z.~H. and {Galvez-Ortiz}, M.~C. and
                  {Pinfield}, D.~J. and {Burgasser}, A.~J. and
                  {Lodieu}, N. and {Jones}, H.~R.~A. and
                  {Mart{\'{\i}}n}, E.~L. and {Burningham}, B. and
                  {Homeier}, D. and {Allard}, F. and {Zapatero
                  Osorio}, M.~R. and {Smith}, L.~C. and {Smart},
                  R.~L. and {L{\'o}pez Mart{\'{\i}}}, B. and
                  {Marocco}, F. and {Rebolo}, R.},
  title =	 "{Primeval very low-mass stars and brown dwarfs -
                  IV. New L subdwarfs, Gaia astrometry, population
                  properties, and a blue brown dwarf binary}",
  journal =	 {\mnras},
  archivePrefix ="arXiv",
  eprint =	 {1807.10560},
  primaryClass = "astro-ph.SR",
  keywords =	 {binaries: spectroscopic, brown dwarfs, stars:
                  chemically peculiar, stars: Population II, stars:
                  subdwarfs},
  year =	 2018,
  month =	 nov,
  volume =	 480,
  pages =	 {5447-5474},
  doi =		 {10.1093/mnras/sty2054},
  adsurl =	 {http://cdsads.u-strasbg.fr/abs/2018MNRAS.480.5447Z},
  adsnote =	 {Provided by the SAO/NASA Astrophysics Data System}
}

@ARTICLE{2018RNAAS...2d.205M,
  author =	 {{Mamajek}, E.~E. and {Marocco}, F. and {Rees},
                  J.~M. and {Smart}, R.~L. and {Cooper}, W.~J. and
                  {Burgasser}, A.~J.},
  title =	 "{WISE J064336.71-022315.4: A Thick-disk L8 Brown
                  Dwarf Discovered by Gaia DR2 at 13.9 pc}",
  journal =	 {Research Notes of the American Astronomical Society},
  year =	 2018,
  month =	 nov,
  volume =	 2,
  number =	 4,
  eid =		 205,
  pages =	 205,
  doi =		 {10.3847/2515-5172/aaed3c},
  adsurl =	 {http://cdsads.u-strasbg.fr/abs/2018RNAAS...2d.205M},
  adsnote =	 {Provided by the SAO/NASA Astrophysics Data System}
}

@ARTICLE{2019ApJS..240...19K,
  author =	 {{Kirkpatrick}, J.~D. and {Martin}, E.~C. and
                  {Smart}, R.~L. and {Cayago}, A.~J. and {Beichman},
                  C.~A. and {Marocco}, F. and {Gelino}, C.~R. and
                  {Faherty}, J.~K. and {Cushing}, M.~C. and
                  {Schneider}, A.~C. and {Mace}, G.~N. and {Tinney},
                  C.~G. and {Wright}, E.~L. and {Lowrance}, P.~J. and
                  {Ingalls}, J.~G. and {Vrba}, F.~J. and {Munn},
                  J.~A. and {Dahm}, S.~E. and {McLean}, I.~S.  },
  title =	 "{Preliminary Trigonometric Parallaxes of 184 Late-T
                  and Y Dwarfs and an Analysis of the Field Substellar
                  Mass Function into the {\ldquo}Planetary{\rdquo}
                  Mass Regime}",
  journal =	 {\apjs},
  archivePrefix ="arXiv",
  eprint =	 {1812.01208},
  primaryClass = "astro-ph.SR",
  keywords =	 {brown dwarfs, parallaxes, solar neighborhood, stars:
                  distances, stars: luminosity function, mass function
                  },
  year =	 2019,
  month =	 feb,
  volume =	 240,
  eid =		 19,
  pages =	 19,
  doi =		 {10.3847/1538-4365/aaf6af},
  adsurl =	 {http://cdsads.u-strasbg.fr/abs/2019ApJS..240...19K},
  adsnote =	 {Provided by the SAO/NASA Astrophysics Data System}
}

@ARTICLE{2021A&A...649A...1G,
  author =	 {{Gaia Collaboration} and {Brown}, A.~G.~A. and
                  {Vallenari}, A. and {Prusti}, T. and {de Bruijne},
                  J.~H.~J. and {Babusiaux}, C. and {Biermann}, M. and
                  {Creevey}, O.~L. and {Evans}, D.~W. and {Eyer},
                  L. and {Hutton}, A. and {Jansen}, F. and {Jordi},
                  C. and {Klioner}, S.~A. and {Lammers}, U. and
                  {Lindegren}, L. and {Luri}, X. and {Mignard}, F. and
                  {Panem}, C. and {Pourbaix}, D. and {Randich}, S. and
                  {Sartoretti}, P. and {Soubiran}, C. and {Walton},
                  N.~A. and {Arenou}, F. and {Bailer-Jones},
                  C.~A.~L. and {Bastian}, U. and {Cropper}, M. and
                  {Drimmel}, R. and {Katz}, D. and {Lattanzi},
                  M.~G. and {van Leeuwen}, F. and {Bakker}, J. and
                  {Cacciari}, C. and {Casta{\~n}eda}, J. and {De
                  Angeli}, F. and {Ducourant}, C. and {Fabricius},
                  C. and {Fouesneau}, M. and {Fr{\'e}mat}, Y. and
                  {Guerra}, R. and {Guerrier}, A. and {Guiraud},
                  J. and {Jean-Antoine Piccolo}, A. and {Masana},
                  E. and {Messineo}, R. and {Mowlavi}, N. and
                  {Nicolas}, C. and {Nienartowicz}, K. and {Pailler},
                  F. and {Panuzzo}, P. and {Riclet}, F. and {Roux},
                  W. and {Seabroke}, G.~M. and {Sordo}, R. and
                  {Tanga}, P. and {Th{\'e}venin}, F. and
                  {Gracia-Abril}, G. and {Portell}, J. and {Teyssier},
                  D. and {Altmann}, M. and {Andrae}, R. and
                  {Bellas-Velidis}, I. and {Benson}, K. and
                  {Berthier}, J. and {Blomme}, R. and {Brugaletta},
                  E. and {Burgess}, P.~W. and {Busso}, G. and {Carry},
                  B. and {Cellino}, A. and {Cheek}, N. and
                  {Clementini}, G. and {Damerdji}, Y. and {Davidson},
                  M. and {Delchambre}, L. and {Dell'Oro}, A. and
                  {Fern{\'a}ndez-Hern{\'a}ndez}, J. and {Galluccio},
                  L. and {Garc{\'\i}a-Lario}, P. and
                  {Garcia-Reinaldos}, M. and
                  {Gonz{\'a}lez-N{\'u}{\~n}ez}, J. and {Gosset},
                  E. and {Haigron}, R. and {Halbwachs}, J. -L. and
                  {Hambly}, N.~C. and {Harrison}, D.~L. and
                  {Hatzidimitriou}, D. and {Heiter}, U. and
                  {Hern{\'a}ndez}, J. and {Hestroffer}, D. and
                  {Hodgkin}, S.~T. and {Holl}, B. and {Jan{\ss}en},
                  K. and {Jevardat de Fombelle}, G. and {Jordan},
                  S. and {Krone-Martins}, A. and {Lanzafame},
                  A.~C. and {L{\"o}ffler}, W. and {Lorca}, A. and
                  {Manteiga}, M. and {Marchal}, O. and {Marrese},
                  P.~M. and {Moitinho}, A. and {Mora}, A. and
                  {Muinonen}, K. and {Osborne}, P. and {Pancino},
                  E. and {Pauwels}, T. and {Petit}, J. -M. and
                  {Recio-Blanco}, A. and {Richards}, P.~J. and
                  {Riello}, M. and {Rimoldini}, L. and {Robin},
                  A.~C. and {Roegiers}, T. and {Rybizki}, J. and
                  {Sarro}, L.~M. and {Siopis}, C. and {Smith}, M. and
                  {Sozzetti}, A. and {Ulla}, A. and {Utrilla}, E. and
                  {van Leeuwen}, M. and {van Reeven}, W. and {Abbas},
                  U. and {Abreu Aramburu}, A. and {Accart}, S. and
                  {Aerts}, C. and {Aguado}, J.~J. and {Ajaj}, M. and
                  {Altavilla}, G. and {{\'A}lvarez}, M.~A. and
                  {{\'A}lvarez Cid-Fuentes}, J. and {Alves}, J. and
                  {Anderson}, R.~I. and {Anglada Varela}, E. and
                  {Antoja}, T. and {Audard}, M. and {Baines}, D. and
                  {Baker}, S.~G. and {Balaguer-N{\'u}{\~n}ez}, L. and
                  {Balbinot}, E. and {Balog}, Z. and {Barache}, C. and
                  {Barbato}, D. and {Barros}, M. and {Barstow},
                  M.~A. and {Bartolom{\'e}}, S. and {Bassilana},
                  J. -L. and {Bauchet}, N. and {Baudesson-Stella},
                  A. and {Becciani}, U. and {Bellazzini}, M. and
                  {Bernet}, M. and {Bertone}, S. and {Bianchi}, L. and
                  {Blanco-Cuaresma}, S. and {Boch}, T. and {Bombrun},
                  A. and {Bossini}, D. and {Bouquillon}, S. and
                  {Bragaglia}, A. and {Bramante}, L. and {Breedt},
                  E. and {Bressan}, A. and {Brouillet}, N. and
                  {Bucciarelli}, B. and {Burlacu}, A. and {Busonero},
                  D. and {Butkevich}, A.~G. and {Buzzi}, R. and
                  {Caffau}, E. and {Cancelliere}, R. and
                  {C{\'a}novas}, H. and {Cantat-Gaudin}, T. and
                  {Carballo}, R. and {Carlucci}, T. and {Carnerero},
                  M.~I. and {Carrasco}, J.~M. and {Casamiquela},
                  L. and {Castellani}, M. and {Castro-Ginard}, A. and
                  {Castro Sampol}, P. and {Chaoul}, L. and {Charlot},
                  P. and {Chemin}, L. and {Chiavassa}, A. and {Cioni},
                  M. -R.~L. and {Comoretto}, G. and {Cooper},
                  W.~J. and {Cornez}, T. and {Cowell}, S. and {Crifo},
                  F. and {Crosta}, M. and {Crowley}, C. and {Dafonte},
                  C. and {Dapergolas}, A. and {David}, M. and {David},
                  P. and {de Laverny}, P. and {De Luise}, F. and {De
                  March}, R. and {De Ridder}, J. and {de Souza},
                  R. and {de Teodoro}, P. and {de Torres}, A. and {del
                  Peloso}, E.~F. and {del Pozo}, E. and {Delbo},
                  M. and {Delgado}, A. and {Delgado}, H.~E. and
                  {Delisle}, J. -B. and {Di Matteo}, P. and {Diakite},
                  S. and {Diener}, C. and {Distefano}, E. and
                  {Dolding}, C. and {Eappachen}, D. and {Edvardsson},
                  B. and {Enke}, H. and {Esquej}, P. and {Fabre},
                  C. and {Fabrizio}, M. and {Faigler}, S. and
                  {Fedorets}, G. and {Fernique}, P. and {Fienga},
                  A. and {Figueras}, F. and {Fouron}, C. and
                  {Fragkoudi}, F. and {Fraile}, E. and {Franke},
                  F. and {Gai}, M. and {Garabato}, D. and
                  {Garcia-Gutierrez}, A. and {Garc{\'\i}a-Torres},
                  M. and {Garofalo}, A. and {Gavras}, P. and
                  {Gerlach}, E. and {Geyer}, R. and {Giacobbe}, P. and
                  {Gilmore}, G. and {Girona}, S. and {Giuffrida},
                  G. and {Gomel}, R. and {Gomez}, A. and
                  {Gonzalez-Santamaria}, I. and {Gonz{\'a}lez-Vidal},
                  J.~J. and {Granvik}, M. and
                  {Guti{\'e}rrez-S{\'a}nchez}, R. and {Guy}, L.~P. and
                  {Hauser}, M. and {Haywood}, M. and {Helmi}, A. and
                  {Hidalgo}, S.~L. and {Hilger}, T. and {H{\l}adczuk},
                  N. and {Hobbs}, D. and {Holland}, G. and {Huckle},
                  H.~E. and {Jasniewicz}, G. and {Jonker}, P.~G. and
                  {Juaristi Campillo}, J. and {Julbe}, F. and
                  {Karbevska}, L. and {Kervella}, P. and {Khanna},
                  S. and {Kochoska}, A. and {Kontizas}, M. and
                  {Kordopatis}, G. and {Korn}, A.~J. and
                  {Kostrzewa-Rutkowska}, Z. and {Kruszy{\'n}ska},
                  K. and {Lambert}, S. and {Lanza}, A.~F. and {Lasne},
                  Y. and {Le Campion}, J. -F. and {Le Fustec}, Y. and
                  {Lebreton}, Y. and {Lebzelter}, T. and {Leccia},
                  S. and {Leclerc}, N. and {Lecoeur-Taibi}, I. and
                  {Liao}, S. and {Licata}, E. and {Lindstr{\o}m},
                  E.~P. and {Lister}, T.~A. and {Livanou}, E. and
                  {Lobel}, A. and {Madrero Pardo}, P. and {Managau},
                  S. and {Mann}, R.~G. and {Marchant}, J.~M. and
                  {Marconi}, M. and {Marcos Santos}, M.~M.~S. and
                  {Marinoni}, S. and {Marocco}, F. and {Marshall},
                  D.~J. and {Martin Polo}, L. and
                  {Mart{\'\i}n-Fleitas}, J.~M. and {Masip}, A. and
                  {Massari}, D. and {Mastrobuono-Battisti}, A. and
                  {Mazeh}, T. and {McMillan}, P.~J. and {Messina},
                  S. and {Michalik}, D. and {Millar}, N.~R. and
                  {Mints}, A. and {Molina}, D. and {Molinaro}, R. and
                  {Moln{\'a}r}, L. and {Montegriffo}, P. and {Mor},
                  R. and {Morbidelli}, R. and {Morel}, T. and
                  {Morris}, D. and {Mulone}, A.~F. and {Munoz}, D. and
                  {Muraveva}, T. and {Murphy}, C.~P. and {Musella},
                  I. and {Noval}, L. and {Ord{\'e}novic}, C. and
                  {Orr{\`u}}, G. and {Osinde}, J. and {Pagani}, C. and
                  {Pagano}, I. and {Palaversa}, L. and {Palicio},
                  P.~A. and {Panahi}, A. and {Pawlak}, M. and
                  {Pe{\~n}alosa Esteller}, X. and {Penttil{\"a}},
                  A. and {Piersimoni}, A.~M. and {Pineau}, F. -X. and
                  {Plachy}, E. and {Plum}, G. and {Poggio}, E. and
                  {Poretti}, E. and {Poujoulet}, E. and {Pr{\v{s}}a},
                  A. and {Pulone}, L. and {Racero}, E. and {Ragaini},
                  S. and {Rainer}, M. and {Raiteri}, C.~M. and
                  {Rambaux}, N. and {Ramos}, P. and {Ramos-Lerate},
                  M. and {Re Fiorentin}, P. and {Regibo}, S. and
                  {Reyl{\'e}}, C. and {Ripepi}, V. and {Riva}, A. and
                  {Rixon}, G. and {Robichon}, N. and {Robin}, C. and
                  {Roelens}, M. and {Rohrbasser}, L. and
                  {Romero-G{\'o}mez}, M. and {Rowell}, N. and {Royer},
                  F. and {Rybicki}, K.~A. and {Sadowski}, G. and
                  {Sagrist{\`a} Sell{\'e}s}, A. and {Sahlmann}, J. and
                  {Salgado}, J. and {Salguero}, E. and {Samaras},
                  N. and {Sanchez Gimenez}, V. and {Sanna}, N. and
                  {Santove{\~n}a}, R. and {Sarasso}, M. and
                  {Schultheis}, M. and {Sciacca}, E. and {Segol},
                  M. and {Segovia}, J.~C. and {S{\'e}gransan}, D. and
                  {Semeux}, D. and {Shahaf}, S. and {Siddiqui},
                  H.~I. and {Siebert}, A. and {Siltala}, L. and
                  {Slezak}, E. and {Smart}, R.~L. and {Solano}, E. and
                  {Solitro}, F. and {Souami}, D. and {Souchay}, J. and
                  {Spagna}, A. and {Spoto}, F. and {Steele}, I.~A. and
                  {Steidelm{\"u}ller}, H. and {Stephenson}, C.~A. and
                  {S{\"u}veges}, M. and {Szabados}, L. and
                  {Szegedi-Elek}, E. and {Taris}, F. and {Tauran},
                  G. and {Taylor}, M.~B. and {Teixeira}, R. and
                  {Thuillot}, W. and {Tonello}, N. and {Torra}, F. and
                  {Torra}, J. and {Turon}, C. and {Unger}, N. and
                  {Vaillant}, M. and {van Dillen}, E. and {Vanel},
                  O. and {Vecchiato}, A. and {Viala}, Y. and
                  {Vicente}, D. and {Voutsinas}, S. and {Weiler},
                  M. and {Wevers}, T. and {Wyrzykowski}, {\L}. and
                  {Yoldas}, A. and {Yvard}, P. and {Zhao}, H. and
                  {Zorec}, J. and {Zucker}, S. and {Zurbach}, C. and
                  {Zwitter}, T.},
  title =	 "{Gaia Early Data Release 3. Summary of the contents
                  and survey properties}",
  journal =	 {\aap},
  keywords =	 {catalogs, astrometry, parallaxes, proper motions,
                  techniques: photometric, techniques: radial
                  velocities, Astrophysics - Astrophysics of Galaxies},
  year =	 2021,
  month =	 may,
  volume =	 649,
  eid =		 {A1},
  pages =	 {A1},
  doi =		 {10.1051/0004-6361/202039657},
  archivePrefix ={arXiv},
  eprint =	 {2012.01533},
  primaryClass = {astro-ph.GA},
  adsurl =
                  {https://ui.adsabs.harvard.edu/abs/2021A&A...649A...1G},
  adsnote =	 {Provided by the SAO/NASA Astrophysics Data System}
}

@ARTICLE{2021A&A...649A...2L,
  author =	 {{Lindegren}, L. and {Klioner}, S.~A. and
                  {Hern{\'a}ndez}, J. and {Bombrun}, A. and
                  {Ramos-Lerate}, M. and {Steidelm{\"u}ller}, H. and
                  {Bastian}, U. and {Biermann}, M. and {de Torres},
                  A. and {Gerlach}, E. and {Geyer}, R. and {Hilger},
                  T. and {Hobbs}, D. and {Lammers}, U. and {McMillan},
                  P.~J. and {Stephenson}, C.~A. and {Casta{\~n}eda},
                  J. and {Davidson}, M. and {Fabricius}, C. and
                  {Gracia-Abril}, G. and {Portell}, J. and {Rowell},
                  N. and {Teyssier}, D. and {Torra}, F. and
                  {Bartolom{\'e}}, S. and {Clotet}, M. and {Garralda},
                  N. and {Gonz{\'a}lez-Vidal}, J.~J. and {Torra},
                  J. and {Abbas}, U. and {Altmann}, M. and {Anglada
                  Varela}, E. and {Balaguer-N{\'u}{\~n}ez}, L. and
                  {Balog}, Z. and {Barache}, C. and {Becciani}, U. and
                  {Bernet}, M. and {Bertone}, S. and {Bianchi}, L. and
                  {Bouquillon}, S. and {Brown}, A.~G.~A. and
                  {Bucciarelli}, B. and {Busonero}, D. and
                  {Butkevich}, A.~G. and {Buzzi}, R. and
                  {Cancelliere}, R. and {Carlucci}, T. and {Charlot},
                  P. and {Cioni}, M. -R.~L. and {Crosta}, M. and
                  {Crowley}, C. and {del Peloso}, E.~F. and {del
                  Pozo}, E. and {Drimmel}, R. and {Esquej}, P. and
                  {Fienga}, A. and {Fraile}, E. and {Gai}, M. and
                  {Garcia-Reinaldos}, M. and {Guerra}, R. and
                  {Hambly}, N.~C. and {Hauser}, M. and {Jan{\ss}en},
                  K. and {Jordan}, S. and {Kostrzewa-Rutkowska},
                  Z. and {Lattanzi}, M.~G. and {Liao}, S. and
                  {Licata}, E. and {Lister}, T.~A. and {L{\"o}ffler},
                  W. and {Marchant}, J.~M. and {Masip}, A. and
                  {Mignard}, F. and {Mints}, A. and {Molina}, D. and
                  {Mora}, A. and {Morbidelli}, R. and {Murphy},
                  C.~P. and {Pagani}, C. and {Panuzzo}, P. and
                  {Pe{\~n}alosa Esteller}, X. and {Poggio}, E. and {Re
                  Fiorentin}, P. and {Riva}, A. and {Sagrist{\`a}
                  Sell{\'e}s}, A. and {Sanchez Gimenez}, V. and
                  {Sarasso}, M. and {Sciacca}, E. and {Siddiqui},
                  H.~I. and {Smart}, R.~L. and {Souami}, D. and
                  {Spagna}, A. and {Steele}, I.~A. and {Taris}, F. and
                  {Utrilla}, E. and {van Reeven}, W. and {Vecchiato},
                  A.},
  title =	 "{Gaia Early Data Release 3. The astrometric
                  solution}",
  journal =	 {\aap},
  keywords =	 {astrometry, parallaxes, proper motions, methods:
                  data analysis, space vehicles: instruments,
                  Astrophysics - Instrumentation and Methods for
                  Astrophysics},
  year =	 2021,
  month =	 may,
  volume =	 649,
  eid =		 {A2},
  pages =	 {A2},
  doi =		 {10.1051/0004-6361/202039709},
  archivePrefix ={arXiv},
  eprint =	 {2012.03380},
  primaryClass = {astro-ph.IM},
  adsurl =
                  {https://ui.adsabs.harvard.edu/abs/2021A&A...649A...2L},
  adsnote =	 {Provided by the SAO/NASA Astrophysics Data System}
}

@ARTICLE{2021A&A...649A...6G,
  author =	 {{Gaia Collaboration} and {Smart}, R.~L. and {Sarro},
                  L.~M. and {Rybizki}, J. and {Reyl{\'e}}, C. and
                  {Robin}, A.~C. and {Hambly}, N.~C. and {Abbas},
                  U. and {Barstow}, M.~A. and {de Bruijne},
                  J.~H.~J. and {Bucciarelli}, B. and {Carrasco},
                  J.~M. and {Cooper}, W.~J. and {Hodgkin}, S.~T. and
                  {Masana}, E. and {Michalik}, D. and {Sahlmann},
                  J. and {Sozzetti}, A. and {Brown}, A.~G.~A. and
                  {Vallenari}, A. and {Prusti}, T. and {Babusiaux},
                  C. and {Biermann}, M. and {Creevey}, O.~L. and
                  {Evans}, D.~W. and {Eyer}, L. and {Hutton}, A. and
                  {Jansen}, F. and {Jordi}, C. and {Klioner},
                  S.~A. and {Lammers}, U. and {Lindegren}, L. and
                  {Luri}, X. and {Mignard}, F. and {Panem}, C. and
                  {Pourbaix}, D. and {Randich}, S. and {Sartoretti},
                  P. and {Soubiran}, C. and {Walton}, N.~A. and
                  {Arenou}, F. and {Bailer-Jones}, C.~A.~L. and
                  {Bastian}, U. and {Cropper}, M. and {Drimmel},
                  R. and {Katz}, D. and {Lattanzi}, M.~G. and {van
                  Leeuwen}, F. and {Bakker}, J. and {Casta{\~n}eda},
                  J. and {De Angeli}, F. and {Ducourant}, C. and
                  {Fabricius}, C. and {Fouesneau}, M. and
                  {Fr{\'e}mat}, Y. and {Guerra}, R. and {Guerrier},
                  A. and {Guiraud}, J. and {Jean-Antoine Piccolo},
                  A. and {Messineo}, R. and {Mowlavi}, N. and
                  {Nicolas}, C. and {Nienartowicz}, K. and {Pailler},
                  F. and {Panuzzo}, P. and {Riclet}, F. and {Roux},
                  W. and {Seabroke}, G.~M. and {Sordo}, R. and
                  {Tanga}, P. and {Th{\'e}venin}, F. and
                  {Gracia-Abril}, G. and {Portell}, J. and {Teyssier},
                  D. and {Altmann}, M. and {Andrae}, R. and
                  {Bellas-Velidis}, I. and {Benson}, K. and
                  {Berthier}, J. and {Blomme}, R. and {Brugaletta},
                  E. and {Burgess}, P.~W. and {Busso}, G. and {Carry},
                  B. and {Cellino}, A. and {Cheek}, N. and
                  {Clementini}, G. and {Damerdji}, Y. and {Davidson},
                  M. and {Delchambre}, L. and {Dell'Oro}, A. and
                  {Fern{\'a}ndez-Hern{\'a}ndez}, J. and {Galluccio},
                  L. and {Garc{\'\i}a-Lario}, P. and
                  {Garcia-Reinaldos}, M. and
                  {Gonz{\'a}lez-N{\'u}{\~n}ez}, J. and {Gosset},
                  E. and {Haigron}, R. and {Halbwachs}, J. -L. and
                  {Harrison}, D.~L. and {Hatzidimitriou}, D. and
                  {Heiter}, U. and {Hern{\'a}ndez}, J. and
                  {Hestroffer}, D. and {Holl}, B. and {Jan{\ss}en},
                  K. and {Jevardat de Fombelle}, G. and {Jordan},
                  S. and {Krone-Martins}, A. and {Lanzafame},
                  A.~C. and {L{\"o}ffler}, W. and {Lorca}, A. and
                  {Manteiga}, M. and {Marchal}, O. and {Marrese},
                  P.~M. and {Moitinho}, A. and {Mora}, A. and
                  {Muinonen}, K. and {Osborne}, P. and {Pancino},
                  E. and {Pauwels}, T. and {Recio-Blanco}, A. and
                  {Richards}, P.~J. and {Riello}, M. and {Rimoldini},
                  L. and {Roegiers}, T. and {Siopis}, C. and {Smith},
                  M. and {Ulla}, A. and {Utrilla}, E. and {van
                  Leeuwen}, M. and {van Reeven}, W. and {Abreu
                  Aramburu}, A. and {Accart}, S. and {Aerts}, C. and
                  {Aguado}, J.~J. and {Ajaj}, M. and {Altavilla},
                  G. and {{\'A}lvarez}, M.~A. and {{\'A}lvarez
                  Cid-Fuentes}, J. and {Alves}, J. and {Anderson},
                  R.~I. and {Anglada Varela}, E. and {Antoja}, T. and
                  {Audard}, M. and {Baines}, D. and {Baker}, S.~G. and
                  {Balaguer-N{\'u}{\~n}ez}, L. and {Balbinot}, E. and
                  {Balog}, Z. and {Barache}, C. and {Barbato}, D. and
                  {Barros}, M. and {Bartolom{\'e}}, S. and
                  {Bassilana}, J. -L. and {Bauchet}, N. and
                  {Baudesson-Stella}, A. and {Becciani}, U. and
                  {Bellazzini}, M. and {Bernet}, M. and {Bertone},
                  S. and {Bianchi}, L. and {Blanco-Cuaresma}, S. and
                  {Boch}, T. and {Bombrun}, A. and {Bossini}, D. and
                  {Bouquillon}, S. and {Bragaglia}, A. and {Bramante},
                  L. and {Breedt}, E. and {Bressan}, A. and
                  {Brouillet}, N. and {Burlacu}, A. and {Busonero},
                  D. and {Butkevich}, A.~G. and {Buzzi}, R. and
                  {Caffau}, E. and {Cancelliere}, R. and
                  {C{\'a}novas}, H. and {Cantat-Gaudin}, T. and
                  {Carballo}, R. and {Carlucci}, T. and {Carnerero},
                  M.~I. and {Casamiquela}, L. and {Castellani}, M. and
                  {Castro-Ginard}, A. and {Castro Sampol}, P. and
                  {Chaoul}, L. and {Charlot}, P. and {Chemin}, L. and
                  {Chiavassa}, A. and {Cioni}, M. -R.~L. and
                  {Comoretto}, G. and {Cornez}, T. and {Cowell},
                  S. and {Crifo}, F. and {Crosta}, M. and {Crowley},
                  C. and {Dafonte}, C. and {Dapergolas}, A. and
                  {David}, M. and {David}, P. and {de Laverny}, P. and
                  {De Luise}, F. and {De March}, R. and {De Ridder},
                  J. and {de Souza}, R. and {de Teodoro}, P. and {de
                  Torres}, A. and {del Peloso}, E.~F. and {del Pozo},
                  E. and {Delgado}, A. and {Delgado}, H.~E. and
                  {Delisle}, J. -B. and {Di Matteo}, P. and {Diakite},
                  S. and {Diener}, C. and {Distefano}, E. and
                  {Dolding}, C. and {Eappachen}, D. and {Edvardsson},
                  B. and {Enke}, H. and {Esquej}, P. and {Fabre},
                  C. and {Fabrizio}, M. and {Faigler}, S. and
                  {Fedorets}, G. and {Fernique}, P. and {Fienga},
                  A. and {Figueras}, F. and {Fouron}, C. and
                  {Fragkoudi}, F. and {Fraile}, E. and {Franke},
                  F. and {Gai}, M. and {Garabato}, D. and
                  {Garcia-Gutierrez}, A. and {Garc{\'\i}a-Torres},
                  M. and {Garofalo}, A. and {Gavras}, P. and
                  {Gerlach}, E. and {Geyer}, R. and {Giacobbe}, P. and
                  {Gilmore}, G. and {Girona}, S. and {Giuffrida},
                  G. and {Gomel}, R. and {Gomez}, A. and
                  {Gonzalez-Santamaria}, I. and {Gonz{\'a}lez-Vidal},
                  J.~J. and {Granvik}, M. and
                  {Guti{\'e}rrez-S{\'a}nchez}, R. and {Guy}, L.~P. and
                  {Hauser}, M. and {Haywood}, M. and {Helmi}, A. and
                  {Hidalgo}, S.~L. and {Hilger}, T. and {H{\l}adczuk},
                  N. and {Hobbs}, D. and {Holland}, G. and {Huckle},
                  H.~E. and {Jasniewicz}, G. and {Jonker}, P.~G. and
                  {Juaristi Campillo}, J. and {Julbe}, F. and
                  {Karbevska}, L. and {Kervella}, P. and {Khanna},
                  S. and {Kochoska}, A. and {Kontizas}, M. and
                  {Kordopatis}, G. and {Korn}, A.~J. and
                  {Kostrzewa-Rutkowska}, Z. and {Kruszy{\'n}ska},
                  K. and {Lambert}, S. and {Lanza}, A.~F. and {Lasne},
                  Y. and {Le Campion}, J. -F. and {Le Fustec}, Y. and
                  {Lebreton}, Y. and {Lebzelter}, T. and {Leccia},
                  S. and {Leclerc}, N. and {Lecoeur-Taibi}, I. and
                  {Liao}, S. and {Licata}, E. and {Lindstr{\o}m},
                  H.~E.~P. and {Lister}, T.~A. and {Livanou}, E. and
                  {Lobel}, A. and {Madrero Pardo}, P. and {Managau},
                  S. and {Mann}, R.~G. and {Marchant}, J.~M. and
                  {Marconi}, M. and {Marcos Santos}, M.~M.~S. and
                  {Marinoni}, S. and {Marocco}, F. and {Marshall},
                  D.~J. and {Martin Polo}, L. and
                  {Mart{\'\i}n-Fleitas}, J.~M. and {Masip}, A. and
                  {Massari}, D. and {Mastrobuono-Battisti}, A. and
                  {Mazeh}, T. and {McMillan}, P.~J. and {Messina},
                  S. and {Millar}, N.~R. and {Mints}, A. and {Molina},
                  D. and {Molinaro}, R. and {Moln{\'a}r}, L. and
                  {Montegriffo}, P. and {Mor}, R. and {Morbidelli},
                  R. and {Morel}, T. and {Morris}, D. and {Mulone},
                  A.~F. and {Munoz}, D. and {Muraveva}, T. and
                  {Murphy}, C.~P. and {Musella}, I. and {Noval},
                  L. and {Ord{\'e}novic}, C. and {Orr{\`u}}, G. and
                  {Osinde}, J. and {Pagani}, C. and {Pagano}, I. and
                  {Palaversa}, L. and {Palicio}, P.~A. and {Panahi},
                  A. and {Pawlak}, M. and {Pe{\~n}alosa Esteller},
                  X. and {Penttil{\"a}}, A. and {Piersimoni},
                  A.~M. and {Pineau}, F. -X. and {Plachy}, E. and
                  {Plum}, G. and {Poggio}, E. and {Poretti}, E. and
                  {Poujoulet}, E. and {Pr{\v{s}}a}, A. and {Pulone},
                  L. and {Racero}, E. and {Ragaini}, S. and {Rainer},
                  M. and {Raiteri}, C.~M. and {Rambaux}, N. and
                  {Ramos}, P. and {Ramos-Lerate}, M. and {Re
                  Fiorentin}, P. and {Regibo}, S. and {Ripepi}, V. and
                  {Riva}, A. and {Rixon}, G. and {Robichon}, N. and
                  {Robin}, C. and {Roelens}, M. and {Rohrbasser},
                  L. and {Romero-G{\'o}mez}, M. and {Rowell}, N. and
                  {Royer}, F. and {Rybicki}, K.~A. and {Sadowski},
                  G. and {Sagrist{\`a} Sell{\'e}s}, A. and {Salgado},
                  J. and {Salguero}, E. and {Samaras}, N. and {Sanchez
                  Gimenez}, V. and {Sanna}, N. and {Santove{\~n}a},
                  R. and {Sarasso}, M. and {Schultheis}, M. and
                  {Sciacca}, E. and {Segol}, M. and {Segovia},
                  J.~C. and {S{\'e}gransan}, D. and {Semeux}, D. and
                  {Shahaf}, S. and {Siddiqui}, H.~I. and {Siebert},
                  A. and {Siltala}, L. and {Slezak}, E. and {Solano},
                  E. and {Solitro}, F. and {Souami}, D. and {Souchay},
                  J. and {Spagna}, A. and {Spoto}, F. and {Steele},
                  I.~A. and {Steidelm{\"u}ller}, H. and {Stephenson},
                  C.~A. and {S{\"u}veges}, M. and {Szabados}, L. and
                  {Szegedi-Elek}, E. and {Taris}, F. and {Tauran},
                  G. and {Taylor}, M.~B. and {Teixeira}, R. and
                  {Thuillot}, W. and {Tonello}, N. and {Torra}, F. and
                  {Torra}, J. and {Turon}, C. and {Unger}, N. and
                  {Vaillant}, M. and {van Dillen}, E. and {Vanel},
                  O. and {Vecchiato}, A. and {Viala}, Y. and
                  {Vicente}, D. and {Voutsinas}, S. and {Weiler},
                  M. and {Wevers}, T. and {Wyrzykowski}, {\L}. and
                  {Yoldas}, A. and {Yvard}, P. and {Zhao}, H. and
                  {Zorec}, J. and {Zucker}, S. and {Zurbach}, C. and
                  {Zwitter}, T.},
  title =	 "{Gaia Early Data Release 3. The Gaia Catalogue of
                  Nearby Stars}",
  journal =	 {\aap},
  keywords =	 {catalogs, astrometry, stars: luminosity function,
                  mass function, Hertzsprung-Russell and C-M diagrams,
                  stars: low-mass, solar neighborhood, Astrophysics -
                  Solar and Stellar Astrophysics, Astrophysics -
                  Astrophysics of Galaxies},
  year =	 2021,
  month =	 may,
  volume =	 649,
  eid =		 {A6},
  pages =	 {A6},
  doi =		 {10.1051/0004-6361/202039498},
  archivePrefix ={arXiv},
  eprint =	 {2012.02061},
  primaryClass = {astro-ph.SR},
  adsurl =
                  {https://ui.adsabs.harvard.edu/abs/2021A&A...649A...6G},
  adsnote =	 {Provided by the SAO/NASA Astrophysics Data System}
}

@ARTICLE{2021A&A...649A...7G,
  author =	 {{Gaia Collaboration} and {Luri}, X. and {Chemin},
                  L. and {Clementini}, G. and {Delgado}, H.~E. and
                  {McMillan}, P.~J. and {Romero-G{\'o}mez}, M. and
                  {Balbinot}, E. and {Castro-Ginard}, A. and {Mor},
                  R. and {Ripepi}, V. and {Sarro}, L.~M. and {Cioni},
                  M. -R.~L. and {Fabricius}, C. and {Garofalo}, A. and
                  {Helmi}, A. and {Muraveva}, T. and {Brown},
                  A.~G.~A. and {Vallenari}, A. and {Prusti}, T. and
                  {de Bruijne}, J.~H.~J. and {Babusiaux}, C. and
                  {Biermann}, M. and {Creevey}, O.~L. and {Evans},
                  D.~W. and {Eyer}, L. and {Hutton}, A. and {Jansen},
                  F. and {Jordi}, C. and {Klioner}, S.~A. and
                  {Lammers}, U. and {Lindegren}, L. and {Mignard},
                  F. and {Panem}, C. and {Pourbaix}, D. and {Randich},
                  S. and {Sartoretti}, P. and {Soubiran}, C. and
                  {Walton}, N.~A. and {Arenou}, F. and {Bailer-Jones},
                  C.~A.~L. and {Bastian}, U. and {Cropper}, M. and
                  {Drimmel}, R. and {Katz}, D. and {Lattanzi},
                  M.~G. and {van Leeuwen}, F. and {Bakker}, J. and
                  {Casta{\~n}eda}, J. and {De Angeli}, F. and
                  {Ducourant}, C. and {Fouesneau}, M. and
                  {Fr{\'e}mat}, Y. and {Guerra}, R. and {Guerrier},
                  A. and {Guiraud}, J. and {Jean-Antoine Piccolo},
                  A. and {Masana}, E. and {Messineo}, R. and
                  {Mowlavi}, N. and {Nicolas}, C. and {Nienartowicz},
                  K. and {Pailler}, F. and {Panuzzo}, P. and {Riclet},
                  F. and {Roux}, W. and {Seabroke}, G.~M. and {Sordo},
                  R. and {Tanga}, P. and {Th{\'e}venin}, F. and
                  {Gracia-Abril}, G. and {Portell}, J. and {Teyssier},
                  D. and {Altmann}, M. and {Andrae}, R. and
                  {Bellas-Velidis}, I. and {Benson}, K. and
                  {Berthier}, J. and {Blomme}, R. and {Brugaletta},
                  E. and {Burgess}, P.~W. and {Busso}, G. and {Carry},
                  B. and {Cellino}, A. and {Cheek}, N. and {Damerdji},
                  Y. and {Davidson}, M. and {Delchambre}, L. and
                  {Dell'Oro}, A. and {Fern{\'a}ndez-Hern{\'a}ndez},
                  J. and {Galluccio}, L. and {Garc{\'\i}a-Lario},
                  P. and {Garcia-Reinaldos}, M. and
                  {Gonz{\'a}lez-N{\'u}{\~n}ez}, J. and {Gosset},
                  E. and {Haigron}, R. and {Halbwachs}, J. -L. and
                  {Hambly}, N.~C. and {Harrison}, D.~L. and
                  {Hatzidimitriou}, D. and {Heiter}, U. and
                  {Hern{\'a}ndez}, J. and {Hestroffer}, D. and
                  {Hodgkin}, S.~T. and {Holl}, B. and {Jan{\ss}en},
                  K. and {Jevardat de Fombelle}, G. and {Jordan},
                  S. and {Krone-Martins}, A. and {Lanzafame},
                  A.~C. and {L{\"o}ffler}, W. and {Lorca}, A. and
                  {Manteiga}, M. and {Marchal}, O. and {Marrese},
                  P.~M. and {Moitinho}, A. and {Mora}, A. and
                  {Muinonen}, K. and {Osborne}, P. and {Pancino},
                  E. and {Pauwels}, T. and {Recio-Blanco}, A. and
                  {Richards}, P.~J. and {Riello}, M. and {Rimoldini},
                  L. and {Robin}, A.~C. and {Roegiers}, T. and
                  {Rybizki}, J. and {Siopis}, C. and {Smith}, M. and
                  {Sozzetti}, A. and {Ulla}, A. and {Utrilla}, E. and
                  {van Leeuwen}, M. and {van Reeven}, W. and {Abbas},
                  U. and {Abreu Aramburu}, A. and {Accart}, S. and
                  {Aerts}, C. and {Aguado}, J.~J. and {Ajaj}, M. and
                  {Altavilla}, G. and {{\'A}lvarez}, M.~A. and
                  {{\'A}lvarez Cid-Fuentes}, J. and {Alves}, J. and
                  {Anderson}, R.~I. and {Anglada Varela}, E. and
                  {Antoja}, T. and {Audard}, M. and {Baines}, D. and
                  {Baker}, S.~G. and {Balaguer-N{\'u}{\~n}ez}, L. and
                  {Balog}, Z. and {Barache}, C. and {Barbato}, D. and
                  {Barros}, M. and {Barstow}, M.~A. and
                  {Bartolom{\'e}}, S. and {Bassilana}, J. -L. and
                  {Bauchet}, N. and {Baudesson-Stella}, A. and
                  {Becciani}, U. and {Bellazzini}, M. and {Bernet},
                  M. and {Bertone}, S. and {Bianchi}, L. and
                  {Blanco-Cuaresma}, S. and {Boch}, T. and {Bombrun},
                  A. and {Bossini}, D. and {Bouquillon}, S. and
                  {Bragaglia}, A. and {Bramante}, L. and {Breedt},
                  E. and {Bressan}, A. and {Brouillet}, N. and
                  {Bucciarelli}, B. and {Burlacu}, A. and {Busonero},
                  D. and {Butkevich}, A.~G. and {Buzzi}, R. and
                  {Caffau}, E. and {Cancelliere}, R. and
                  {C{\'a}novas}, H. and {Cantat-Gaudin}, T. and
                  {Carballo}, R. and {Carlucci}, T. and {Carnerero},
                  M.~I. and {Carrasco}, J.~M. and {Casamiquela},
                  L. and {Castellani}, M. and {Castro Sampol}, P. and
                  {Chaoul}, L. and {Charlot}, P. and {Chiavassa},
                  A. and {Comoretto}, G. and {Cooper}, W.~J. and
                  {Cornez}, T. and {Cowell}, S. and {Crifo}, F. and
                  {Crosta}, M. and {Crowley}, C. and {Dafonte}, C. and
                  {Dapergolas}, A. and {David}, M. and {David}, P. and
                  {de Laverny}, P. and {De Luise}, F. and {De March},
                  R. and {De Ridder}, J. and {de Souza}, R. and {de
                  Teodoro}, P. and {de Torres}, A. and {del Peloso},
                  E.~F. and {del Pozo}, E. and {Delgado}, A. and
                  {Delisle}, J. -B. and {Di Matteo}, P. and {Diakite},
                  S. and {Diener}, C. and {Distefano}, E. and
                  {Dolding}, C. and {Eappachen}, D. and {Enke}, H. and
                  {Esquej}, P. and {Fabre}, C. and {Fabrizio}, M. and
                  {Faigler}, S. and {Fedorets}, G. and {Fernique},
                  P. and {Fienga}, A. and {Figueras}, F. and {Fouron},
                  C. and {Fragkoudi}, F. and {Fraile}, E. and
                  {Franke}, F. and {Gai}, M. and {Garabato}, D. and
                  {Garcia-Gutierrez}, A. and {Garc{\'\i}a-Torres},
                  M. and {Gavras}, P. and {Gerlach}, E. and {Geyer},
                  R. and {Giacobbe}, P. and {Gilmore}, G. and
                  {Girona}, S. and {Giuffrida}, G. and {Gomez}, A. and
                  {Gonzalez-Santamaria}, I. and {Gonz{\'a}lez-Vidal},
                  J.~J. and {Granvik}, M. and
                  {Guti{\'e}rrez-S{\'a}nchez}, R. and {Guy}, L.~P. and
                  {Hauser}, M. and {Haywood}, M. and {Hidalgo},
                  S.~L. and {Hilger}, T. and {H{\l}adczuk}, N. and
                  {Hobbs}, D. and {Holland}, G. and {Huckle},
                  H.~E. and {Jasniewicz}, G. and {Jonker}, P.~G. and
                  {Juaristi Campillo}, J. and {Julbe}, F. and
                  {Karbevska}, L. and {Kervella}, P. and {Khanna},
                  S. and {Kochoska}, A. and {Kontizas}, M. and
                  {Kordopatis}, G. and {Korn}, A.~J. and
                  {Kostrzewa-Rutkowska}, Z. and {Kruszy{\'n}ska},
                  K. and {Lambert}, S. and {Lanza}, A.~F. and {Lasne},
                  Y. and {Le Campion}, J. -F. and {Le Fustec}, Y. and
                  {Lebreton}, Y. and {Lebzelter}, T. and {Leccia},
                  S. and {Leclerc}, N. and {Lecoeur-Taibi}, I. and
                  {Liao}, S. and {Licata}, E. and {Lindstr{\o}m},
                  H.~E.~P. and {Lister}, T.~A. and {Livanou}, E. and
                  {Lobel}, A. and {Madrero Pardo}, P. and {Managau},
                  S. and {Mann}, R.~G. and {Marchant}, J.~M. and
                  {Marconi}, M. and {Marcos Santos}, M.~M.~S. and
                  {Marinoni}, S. and {Marocco}, F. and {Marshall},
                  D.~J. and {Martin Polo}, L. and
                  {Mart{\'\i}n-Fleitas}, J.~M. and {Masip}, A. and
                  {Massari}, D. and {Mastrobuono-Battisti}, A. and
                  {Mazeh}, T. and {Messina}, S. and {Michalik}, D. and
                  {Millar}, N.~R. and {Mints}, A. and {Molina}, D. and
                  {Molinaro}, R. and {Moln{\'a}r}, L. and
                  {Montegriffo}, P. and {Morbidelli}, R. and {Morel},
                  T. and {Morris}, D. and {Mulone}, A.~F. and {Munoz},
                  D. and {Murphy}, C.~P. and {Musella}, I. and
                  {Noval}, L. and {Ord{\'e}novic}, C. and {Orr{\`u}},
                  G. and {Osinde}, J. and {Pagani}, C. and {Pagano},
                  I. and {Palaversa}, L. and {Palicio}, P.~A. and
                  {Panahi}, A. and {Pawlak}, M. and {Pe{\~n}alosa
                  Esteller}, X. and {Penttil{\"a}}, A. and
                  {Piersimoni}, A.~M. and {Pineau}, F. -X. and
                  {Plachy}, E. and {Plum}, G. and {Poggio}, E. and
                  {Poretti}, E. and {Poujoulet}, E. and {Pr{\v{s}}a},
                  A. and {Pulone}, L. and {Racero}, E. and {Ragaini},
                  S. and {Rainer}, M. and {Raiteri}, C.~M. and
                  {Rambaux}, N. and {Ramos}, P. and {Ramos-Lerate},
                  M. and {Re Fiorentin}, P. and {Regibo}, S. and
                  {Reyl{\'e}}, C. and {Riva}, A. and {Rixon}, G. and
                  {Robichon}, N. and {Robin}, C. and {Roelens}, M. and
                  {Rohrbasser}, L. and {Rowell}, N. and {Royer},
                  F. and {Rybicki}, K.~A. and {Sadowski}, G. and
                  {Sagrist{\`a} Sell{\'e}s}, A. and {Sahlmann}, J. and
                  {Salgado}, J. and {Salguero}, E. and {Samaras},
                  N. and {Gimenez}, V. Sanchez and {Sanna}, N. and
                  {Santove{\~n}a}, R. and {Sarasso}, M. and
                  {Schultheis}, M. and {Sciacca}, E. and {Segol},
                  M. and {Segovia}, J.~C. and {S{\'e}gransan}, D. and
                  {Semeux}, D. and {Siddiqui}, H.~I. and {Siebert},
                  A. and {Siltala}, L. and {Slezak}, E. and {Smart},
                  R.~L. and {Solano}, E. and {Solitro}, F. and
                  {Souami}, D. and {Souchay}, J. and {Spagna}, A. and
                  {Spoto}, F. and {Steele}, I.~A. and
                  {Steidelm{\"u}ller}, H. and {Stephenson}, C.~A. and
                  {S{\"u}veges}, M. and {Szabados}, L. and
                  {Szegedi-Elek}, E. and {Taris}, F. and {Tauran},
                  G. and {Taylor}, M.~B. and {Teixeira}, R. and
                  {Thuillot}, W. and {Tonello}, N. and {Torra}, F. and
                  {Torra}, J. and {Turon}, C. and {Unger}, N. and
                  {Vaillant}, M. and {van Dillen}, E. and {Vanel},
                  O. and {Vecchiato}, A. and {Viala}, Y. and
                  {Vicente}, D. and {Voutsinas}, S. and {Weiler},
                  M. and {Wevers}, T. and {Wyrzykowski}, {\L}. and
                  {Yoldas}, A. and {Yvard}, P. and {Zhao}, H. and
                  {Zorec}, J. and {Zucker}, S. and {Zurbach}, C. and
                  {Zwitter}, T.},
  title =	 "{Gaia Early Data Release 3. Structure and properties
                  of the Magellanic Clouds}",
  journal =	 {\aap},
  keywords =	 {Magellanic Clouds, catalogs, astrometry, parallaxes,
                  proper motions, Astrophysics - Astrophysics of
                  Galaxies},
  year =	 2021,
  month =	 may,
  volume =	 649,
  eid =		 {A7},
  pages =	 {A7},
  doi =		 {10.1051/0004-6361/202039588},
  archivePrefix ={arXiv},
  eprint =	 {2012.01771},
  primaryClass = {astro-ph.GA},
  adsurl =
                  {https://ui.adsabs.harvard.edu/abs/2021A&A...649A...7G},
  adsnote =	 {Provided by the SAO/NASA Astrophysics Data System}
}

@ARTICLE{2021A&A...649A...8G,
  author =	 {{Gaia Collaboration} and {Antoja}, T. and
                  {McMillan}, P.~J. and {Kordopatis}, G. and {Ramos},
                  P. and {Helmi}, A. and {Balbinot}, E. and
                  {Cantat-Gaudin}, T. and {Chemin}, L. and {Figueras},
                  F. and {Jordi}, C. and {Khanna}, S. and
                  {Romero-G{\'o}mez}, M. and {Seabroke}, G.~M. and
                  {Brown}, A.~G.~A. and {Vallenari}, A. and {Prusti},
                  T. and {de Bruijne}, J.~H.~J. and {Babusiaux},
                  C. and {Biermann}, M. and {Creevey}, O.~L. and
                  {Evans}, D.~W. and {Eyer}, L. and {Hutton}, A. and
                  {Jansen}, F. and {Klioner}, S.~A. and {Lammers},
                  U. and {Lindegren}, L. and {Luri}, X. and {Mignard},
                  F. and {Panem}, C. and {Pourbaix}, D. and {Randich},
                  S. and {Sartoretti}, P. and {Soubiran}, C. and
                  {Walton}, N.~A. and {Arenou}, F. and {Bailer-Jones},
                  C.~A.~L. and {Bastian}, U. and {Cropper}, M. and
                  {Drimmel}, R. and {Katz}, D. and {Lattanzi},
                  M.~G. and {van Leeuwen}, F. and {Bakker}, J. and
                  {Casta{\~n}eda}, J. and {De Angeli}, F. and
                  {Ducourant}, C. and {Fabricius}, C. and {Fouesneau},
                  M. and {Fr{\'e}mat}, Y. and {Guerra}, R. and
                  {Guerrier}, A. and {Guiraud}, J. and {Jean-Antoine
                  Piccolo}, A. and {Masana}, E. and {Messineo}, R. and
                  {Mowlavi}, N. and {Nicolas}, C. and {Nienartowicz},
                  K. and {Pailler}, F. and {Panuzzo}, P. and {Riclet},
                  F. and {Roux}, W. and {Sordo}, R. and {Tanga},
                  P. and {Th{\'e}venin}, F. and {Gracia-Abril}, G. and
                  {Portell}, J. and {Teyssier}, D. and {Altmann},
                  M. and {Andrae}, R. and {Bellas-Velidis}, I. and
                  {Benson}, K. and {Berthier}, J. and {Blomme}, R. and
                  {Brugaletta}, E. and {Burgess}, P.~W. and {Busso},
                  G. and {Carry}, B. and {Cellino}, A. and {Cheek},
                  N. and {Clementini}, G. and {Damerdji}, Y. and
                  {Davidson}, M. and {Delchambre}, L. and {Dell'Oro},
                  A. and {Fern{\'a}ndez-Hern{\'a}ndez}, J. and
                  {Galluccio}, L. and {Garc{\'\i}a-Lario}, P. and
                  {Garcia-Reinaldos}, M. and
                  {Gonz{\'a}lez-N{\'u}{\~n}ez}, J. and {Gosset},
                  E. and {Haigron}, R. and {Halbwachs}, J. -L. and
                  {Hambly}, N.~C. and {Harrison}, D.~L. and
                  {Hatzidimitriou}, D. and {Heiter}, U. and
                  {Hern{\'a}ndez}, J. and {Hestroffer}, D. and
                  {Hodgkin}, S.~T. and {Holl}, B. and {Jan{\ss}en},
                  K. and {Jevardat de Fombelle}, G. and {Jordan},
                  S. and {Krone-Martins}, A. and {Lanzafame},
                  A.~C. and {L{\"o}ffler}, W. and {Lorca}, A. and
                  {Manteiga}, M. and {Marchal}, O. and {Marrese},
                  P.~M. and {Moitinho}, A. and {Mora}, A. and
                  {Muinonen}, K. and {Osborne}, P. and {Pancino},
                  E. and {Pauwels}, T. and {Recio-Blanco}, A. and
                  {Richards}, P.~J. and {Riello}, M. and {Rimoldini},
                  L. and {Robin}, A.~C. and {Roegiers}, T. and
                  {Rybizki}, J. and {Sarro}, L.~M. and {Siopis},
                  C. and {Smith}, M. and {Sozzetti}, A. and {Ulla},
                  A. and {Utrilla}, E. and {van Leeuwen}, M. and {van
                  Reeven}, W. and {Abbas}, U. and {Abreu Aramburu},
                  A. and {Accart}, S. and {Aerts}, C. and {Aguado},
                  J.~J. and {Ajaj}, M. and {Altavilla}, G. and
                  {{\'A}lvarez}, M.~A. and {{\'A}lvarez Cid-Fuentes},
                  J. and {Alves}, J. and {Anderson}, R.~I. and
                  {Varela}, E. Anglada and {Audard}, M. and {Baines},
                  D. and {Baker}, S.~G. and {Balaguer-N{\'u}{\~n}ez},
                  L. and {Balog}, Z. and {Barache}, C. and {Barbato},
                  D. and {Barros}, M. and {Barstow}, M.~A. and
                  {Bartolom{\'e}}, S. and {Bassilana}, J. -L. and
                  {Bauchet}, N. and {Baudesson-Stella}, A. and
                  {Becciani}, U. and {Bellazzini}, M. and {Bernet},
                  M. and {Bertone}, S. and {Bianchi}, L. and
                  {Blanco-Cuaresma}, S. and {Boch}, T. and {Bombrun},
                  A. and {Bossini}, D. and {Bouquillon}, S. and
                  {Bragaglia}, A. and {Bramante}, L. and {Breedt},
                  E. and {Bressan}, A. and {Brouillet}, N. and
                  {Bucciarelli}, B. and {Burlacu}, A. and {Busonero},
                  D. and {Butkevich}, A.~G. and {Buzzi}, R. and
                  {Caffau}, E. and {Cancelliere}, R. and
                  {C{\'a}novas}, H. and {Carballo}, R. and {Carlucci},
                  T. and {Carnerero}, M.~I. and {Carrasco}, J.~M. and
                  {Casamiquela}, L. and {Castellani}, M. and
                  {Castro-Ginard}, A. and {Castro Sampol}, P. and
                  {Chaoul}, L. and {Charlot}, P. and {Chiavassa},
                  A. and {Cioni}, M. -R.~L. and {Comoretto}, G. and
                  {Cooper}, W.~J. and {Cornez}, T. and {Cowell},
                  S. and {Crifo}, F. and {Crosta}, M. and {Crowley},
                  C. and {Dafonte}, C. and {Dapergolas}, A. and
                  {David}, M. and {David}, P. and {de Laverny}, P. and
                  {De Luise}, F. and {De March}, R. and {De Ridder},
                  J. and {de Souza}, R. and {de Teodoro}, P. and {de
                  Torres}, A. and {del Peloso}, E.~F. and {del Pozo},
                  E. and {Delgado}, A. and {Delgado}, H.~E. and
                  {Delisle}, J. -B. and {Di Matteo}, P. and {Diakite},
                  S. and {Diener}, C. and {Distefano}, E. and
                  {Dolding}, C. and {Eappachen}, D. and {Enke}, H. and
                  {Esquej}, P. and {Fabre}, C. and {Fabrizio}, M. and
                  {Faigler}, S. and {Fedorets}, G. and {Fernique},
                  P. and {Fienga}, A. and {Fouron}, C. and
                  {Fragkoudi}, F. and {Fraile}, E. and {Franke},
                  F. and {Gai}, M. and {Garabato}, D. and
                  {Garcia-Gutierrez}, A. and {Garc{\'\i}a-Torres},
                  M. and {Garofalo}, A. and {Gavras}, P. and
                  {Gerlach}, E. and {Geyer}, R. and {Giacobbe}, P. and
                  {Gilmore}, G. and {Girona}, S. and {Giuffrida},
                  G. and {Gomez}, A. and {Gonzalez-Santamaria}, I. and
                  {Gonz{\'a}lez-Vidal}, J.~J. and {Granvik}, M. and
                  {Guti{\'e}rrez-S{\'a}nchez}, R. and {Guy}, L.~P. and
                  {Hauser}, M. and {Haywood}, M. and {Hidalgo},
                  S.~L. and {Hilger}, T. and {H{\l}adczuk}, N. and
                  {Hobbs}, D. and {Holland}, G. and {Huckle},
                  H.~E. and {Jasniewicz}, G. and {Jonker}, P.~G. and
                  {Juaristi Campillo}, J. and {Julbe}, F. and
                  {Karbevska}, L. and {Kervella}, P. and {Kochoska},
                  A. and {Kontizas}, M. and {Korn}, A.~J. and
                  {Kostrzewa-Rutkowska}, Z. and {Kruszy{\'n}ska},
                  K. and {Lambert}, S. and {Lanza}, A.~F. and {Lasne},
                  Y. and {Le Campion}, J. -F. and {Le Fustec}, Y. and
                  {Lebreton}, Y. and {Lebzelter}, T. and {Leccia},
                  S. and {Leclerc}, N. and {Lecoeur-Taibi}, I. and
                  {Liao}, S. and {Licata}, E. and {Lindstr{\o}m},
                  H.~E.~P. and {Lister}, T.~A. and {Livanou}, E. and
                  {Lobel}, A. and {Madrero Pardo}, P. and {Managau},
                  S. and {Mann}, R.~G. and {Marchant}, J.~M. and
                  {Marconi}, M. and {Marcos Santos}, M.~M.~S. and
                  {Marinoni}, S. and {Marocco}, F. and {Marshall},
                  D.~J. and {Martin Polo}, L. and
                  {Mart{\'\i}n-Fleitas}, J.~M. and {Masip}, A. and
                  {Massari}, D. and {Mastrobuono-Battisti}, A. and
                  {Mazeh}, T. and {Messina}, S. and {Michalik}, D. and
                  {Millar}, N.~R. and {Mints}, A. and {Molina}, D. and
                  {Molinaro}, R. and {Moln{\'a}r}, L. and
                  {Montegriffo}, P. and {Mor}, R. and {Morbidelli},
                  R. and {Morel}, T. and {Morris}, D. and {Mulone},
                  A.~F. and {Munoz}, D. and {Muraveva}, T. and
                  {Murphy}, C.~P. and {Musella}, I. and {Noval},
                  L. and {Ord{\'e}novic}, C. and {Orr{\`u}}, G. and
                  {Osinde}, J. and {Pagani}, C. and {Pagano}, I. and
                  {Palaversa}, L. and {Palicio}, P.~A. and {Panahi},
                  A. and {Pawlak}, M. and {Pe{\~n}alosa Esteller},
                  X. and {Penttil{\"a}}, A. and {Piersimoni},
                  A.~M. and {Pineau}, F. -X. and {Plachy}, E. and
                  {Plum}, G. and {Poggio}, E. and {Poretti}, E. and
                  {Poujoulet}, E. and {Pr{\v{s}}a}, A. and {Pulone},
                  L. and {Racero}, E. and {Ragaini}, S. and {Rainer},
                  M. and {Raiteri}, C.~M. and {Rambaux}, N. and
                  {Ramos-Lerate}, M. and {Re Fiorentin}, P. and
                  {Regibo}, S. and {Reyl{\'e}}, C. and {Ripepi},
                  V. and {Riva}, A. and {Rixon}, G. and {Robichon},
                  N. and {Robin}, C. and {Roelens}, M. and
                  {Rohrbasser}, L. and {Rowell}, N. and {Royer},
                  F. and {Rybicki}, K.~A. and {Sadowski}, G. and
                  {Sagrist{\`a} Sell{\'e}s}, A. and {Sahlmann}, J. and
                  {Salgado}, J. and {Salguero}, E. and {Samaras},
                  N. and {Sanchez Gimenez}, V. and {Sanna}, N. and
                  {Santove{\~n}a}, R. and {Sarasso}, M. and
                  {Schultheis}, M. and {Sciacca}, E. and {Segol},
                  M. and {Segovia}, J.~C. and {S{\'e}gransan}, D. and
                  {Semeux}, D. and {Siddiqui}, H.~I. and {Siebert},
                  A. and {Siltala}, L. and {Slezak}, E. and {Smart},
                  R.~L. and {Solano}, E. and {Solitro}, F. and
                  {Souami}, D. and {Souchay}, J. and {Spagna}, A. and
                  {Spoto}, F. and {Steele}, I.~A. and
                  {Steidelm{\"u}ller}, H. and {Stephenson}, C.~A. and
                  {S{\"u}veges}, M. and {Szabados}, L. and
                  {Szegedi-Elek}, E. and {Taris}, F. and {Tauran},
                  G. and {Taylor}, M.~B. and {Teixeira}, R. and
                  {Thuillot}, W. and {Tonello}, N. and {Torra}, F. and
                  {Torra}, J. and {Turon}, C. and {Unger}, N. and
                  {Vaillant}, M. and {van Dillen}, E. and {Vanel},
                  O. and {Vecchiato}, A. and {Viala}, Y. and
                  {Vicente}, D. and {Voutsinas}, S. and {Weiler},
                  M. and {Wevers}, T. and {Wyrzykowski}, {\L}. and
                  {Yoldas}, A. and {Yvard}, P. and {Zhao}, H. and
                  {Zorec}, J. and {Zucker}, S. and {Zurbach}, C. and
                  {Zwitter}, T.},
  title =	 "{Gaia Early Data Release 3. The Galactic
                  anticentre}",
  journal =	 {\aap},
  keywords =	 {Galaxy: disk, Galaxy: halo, stars: distances, open
                  clusters and associations: individual: Saurer 1,
                  open clusters and associations: individual: Berkeley
                  29, Galaxy: kinematics and dynamics, Astrophysics -
                  Astrophysics of Galaxies},
  year =	 2021,
  month =	 may,
  volume =	 649,
  eid =		 {A8},
  pages =	 {A8},
  doi =		 {10.1051/0004-6361/202039714},
  archivePrefix ={arXiv},
  eprint =	 {2101.05811},
  primaryClass = {astro-ph.GA},
  adsurl =
                  {https://ui.adsabs.harvard.edu/abs/2021A&A...649A...8G},
  adsnote =	 {Provided by the SAO/NASA Astrophysics Data System}
}

@ARTICLE{2021A&A...649A...9G,
  author =	 {{Gaia Collaboration} and {Klioner}, S.~A. and
                  {Mignard}, F. and {Lindegren}, L. and {Bastian},
                  U. and {McMillan}, P.~J. and {Hern{\'a}ndez}, J. and
                  {Hobbs}, D. and {Ramos-Lerate}, M. and {Biermann},
                  M. and {Bombrun}, A. and {de Torres}, A. and
                  {Gerlach}, E. and {Geyer}, R. and {Hilger}, T. and
                  {Lammers}, U. and {Steidelm{\"u}ller}, H. and
                  {Stephenson}, C.~A. and {Brown}, A.~G.~A. and
                  {Vallenari}, A. and {Prusti}, T. and {de Bruijne},
                  J.~H.~J. and {Babusiaux}, C. and {Creevey},
                  O.~L. and {Evans}, D.~W. and {Eyer}, L. and
                  {Hutton}, A. and {Jansen}, F. and {Jordi}, C. and
                  {Luri}, X. and {Panem}, C. and {Pourbaix}, D. and
                  {Randich}, S. and {Sartoretti}, P. and {Soubiran},
                  C. and {Walton}, N.~A. and {Arenou}, F. and
                  {Bailer-Jones}, C.~A.~L. and {Cropper}, M. and
                  {Drimmel}, R. and {Katz}, D. and {Lattanzi},
                  M.~G. and {van Leeuwen}, F. and {Bakker}, J. and
                  {Casta{\~n}eda}, J. and {De Angeli}, F. and
                  {Ducourant}, C. and {Fabricius}, C. and {Fouesneau},
                  M. and {Fr{\'e}mat}, Y. and {Guerra}, R. and
                  {Guerrier}, A. and {Guiraud}, J. and {Jean-Antoine
                  Piccolo}, A. and {Masana}, E. and {Messineo}, R. and
                  {Mowlavi}, N. and {Nicolas}, C. and {Nienartowicz},
                  K. and {Pailler}, F. and {Panuzzo}, P. and {Riclet},
                  F. and {Roux}, W. and {Seabroke}, G.~M. and {Sordo},
                  R. and {Tanga}, P. and {Th{\'e}venin}, F. and
                  {Gracia-Abril}, G. and {Portell}, J. and {Teyssier},
                  D. and {Altmann}, M. and {Andrae}, R. and
                  {Bellas-Velidis}, I. and {Benson}, K. and
                  {Berthier}, J. and {Blomme}, R. and {Brugaletta},
                  E. and {Burgess}, P.~W. and {Busso}, G. and {Carry},
                  B. and {Cellino}, A. and {Cheek}, N. and
                  {Clementini}, G. and {Damerdji}, Y. and {Davidson},
                  M. and {Delchambre}, L. and {Dell'Oro}, A. and
                  {Fern{\'a}ndez-Hern{\'a}ndez}, J. and {Galluccio},
                  L. and {Garc{\'\i}a-Lario}, P. and
                  {Garcia-Reinaldos}, M. and
                  {Gonz{\'a}lez-N{\'u}{\~n}ez}, J. and {Gosset},
                  E. and {Haigron}, R. and {Halbwachs}, J. -L. and
                  {Hambly}, N.~C. and {Harrison}, D.~L. and
                  {Hatzidimitriou}, D. and {Heiter}, U. and
                  {Hestroffer}, D. and {Hodgkin}, S.~T. and {Holl},
                  B. and {Jan{\ss}en}, K. and {Jevardat de Fombelle},
                  G. and {Jordan}, S. and {Krone-Martins}, A. and
                  {Lanzafame}, A.~C. and {L{\"o}ffler}, W. and
                  {Lorca}, A. and {Manteiga}, M. and {Marchal}, O. and
                  {Marrese}, P.~M. and {Moitinho}, A. and {Mora},
                  A. and {Muinonen}, K. and {Osborne}, P. and
                  {Pancino}, E. and {Pauwels}, T. and {Recio-Blanco},
                  A. and {Richards}, P.~J. and {Riello}, M. and
                  {Rimoldini}, L. and {Robin}, A.~C. and {Roegiers},
                  T. and {Rybizki}, J. and {Sarro}, L.~M. and
                  {Siopis}, C. and {Smith}, M. and {Sozzetti}, A. and
                  {Ulla}, A. and {Utrilla}, E. and {van Leeuwen},
                  M. and {van Reeven}, W. and {Abbas}, U. and {Abreu
                  Aramburu}, A. and {Accart}, S. and {Aerts}, C. and
                  {Aguado}, J.~J. and {Ajaj}, M. and {Altavilla},
                  G. and {{\'A}lvarez}, M.~A. and {{\'A}lvarez
                  Cid-Fuentes}, J. and {Alves}, J. and {Anderson},
                  R.~I. and {Anglada Varela}, E. and {Antoja}, T. and
                  {Audard}, M. and {Baines}, D. and {Baker}, S.~G. and
                  {Balaguer-N{\'u}{\~n}ez}, L. and {Balbinot}, E. and
                  {Balog}, Z. and {Barache}, C. and {Barbato}, D. and
                  {Barros}, M. and {Barstow}, M.~A. and
                  {Bartolom{\'e}}, S. and {Bassilana}, J. -L. and
                  {Bauchet}, N. and {Baudesson-Stella}, A. and
                  {Becciani}, U. and {Bellazzini}, M. and {Bernet},
                  M. and {Bertone}, S. and {Bianchi}, L. and
                  {Blanco-Cuaresma}, S. and {Boch}, T. and {Bossini},
                  D. and {Bouquillon}, S. and {Bramante}, L. and
                  {Breedt}, E. and {Bressan}, A. and {Brouillet},
                  N. and {Bucciarelli}, B. and {Burlacu}, A. and
                  {Busonero}, D. and {Butkevich}, A.~G. and {Buzzi},
                  R. and {Caffau}, E. and {Cancelliere}, R. and
                  {C{\'a}novas}, H. and {Cantat-Gaudin}, T. and
                  {Carballo}, R. and {Carlucci}, T. and {Carnerero},
                  M.~I. and {Carrasco}, J.~M. and {Casamiquela},
                  L. and {Castellani}, M. and {Castro-Ginard}, A. and
                  {Castro Sampol}, P. and {Chaoul}, L. and {Charlot},
                  P. and {Chemin}, L. and {Chiavassa}, A. and
                  {Comoretto}, G. and {Cooper}, W.~J. and {Cornez},
                  T. and {Cowell}, S. and {Crifo}, F. and {Crosta},
                  M. and {Crowley}, C. and {Dafonte}, C. and
                  {Dapergolas}, A. and {David}, M. and {David}, P. and
                  {de Laverny}, P. and {De Luise}, F. and {De March},
                  R. and {De Ridder}, J. and {de Souza}, R. and {de
                  Teodoro}, P. and {del Peloso}, E.~F. and {del Pozo},
                  E. and {Delgado}, A. and {Delgado}, H.~E. and
                  {Delisle}, J. -B. and {Di Matteo}, P. and {Diakite},
                  S. and {Diener}, C. and {Distefano}, E. and
                  {Dolding}, C. and {Eappachen}, D. and {Enke}, H. and
                  {Esquej}, P. and {Fabre}, C. and {Fabrizio}, M. and
                  {Faigler}, S. and {Fedorets}, G. and {Fernique},
                  P. and {Fienga}, A. and {Figueras}, F. and {Fouron},
                  C. and {Fragkoudi}, F. and {Fraile}, E. and
                  {Franke}, F. and {Gai}, M. and {Garabato}, D. and
                  {Garcia-Gutierrez}, A. and {Garc{\'\i}a-Torres},
                  M. and {Garofalo}, A. and {Gavras}, P. and
                  {Giacobbe}, P. and {Gilmore}, G. and {Girona},
                  S. and {Giuffrida}, G. and {Gomez}, A. and
                  {Gonzalez-Santamaria}, I. and {Gonz{\'a}lez-Vidal},
                  J.~J. and {Granvik}, M. and
                  {Guti{\'e}rrez-S{\'a}nchez}, R. and {Guy}, L.~P. and
                  {Hauser}, M. and {Haywood}, M. and {Helmi}, A. and
                  {Hidalgo}, S.~L. and {H{\l}adczuk}, N. and
                  {Holland}, G. and {Huckle}, H.~E. and {Jasniewicz},
                  G. and {Jonker}, P.~G. and {Juaristi Campillo},
                  J. and {Julbe}, F. and {Karbevska}, L. and
                  {Kervella}, P. and {Khanna}, S. and {Kochoska},
                  A. and {Kordopatis}, G. and {Korn}, A.~J. and
                  {Kostrzewa-Rutkowska}, Z. and {Kruszy{\'n}ska},
                  K. and {Lambert}, S. and {Lanza}, A.~F. and {Lasne},
                  Y. and {Le Campion}, J. -F. and {Le Fustec}, Y. and
                  {Lebreton}, Y. and {Lebzelter}, T. and {Leccia},
                  S. and {Leclerc}, N. and {Lecoeur-Taibi}, I. and
                  {Liao}, S. and {Licata}, E. and {Lindstr{\o}m},
                  H.~E.~P. and {Lister}, T.~A. and {Livanou}, E. and
                  {Lobel}, A. and {Madrero Pardo}, P. and {Managau},
                  S. and {Mann}, R.~G. and {Marchant}, J.~M. and
                  {Marconi}, M. and {Marcos Santos}, M.~M.~S. and
                  {Marinoni}, S. and {Marocco}, F. and {Marshall},
                  D.~J. and {Martin Polo}, L. and
                  {Mart{\'\i}n-Fleitas}, J.~M. and {Masip}, A. and
                  {Massari}, D. and {Mastrobuono-Battisti}, A. and
                  {Mazeh}, T. and {Messina}, S. and {Michalik}, D. and
                  {Millar}, N.~R. and {Mints}, A. and {Molina}, D. and
                  {Molinaro}, R. and {Moln{\'a}r}, L. and
                  {Montegriffo}, P. and {Mor}, R. and {Morbidelli},
                  R. and {Morel}, T. and {Morris}, D. and {Mulone},
                  A.~F. and {Munoz}, D. and {Muraveva}, T. and
                  {Murphy}, C.~P. and {Musella}, I. and {Noval},
                  L. and {Ord{\'e}novic}, C. and {Orr{\`u}}, G. and
                  {Osinde}, J. and {Pagani}, C. and {Pagano}, I. and
                  {Palaversa}, L. and {Palicio}, P.~A. and {Panahi},
                  A. and {Pawlak}, M. and {Pe{\~n}alosa Esteller},
                  X. and {Penttil{\"a}}, A. and {Piersimoni},
                  A.~M. and {Pineau}, F. -X. and {Plachy}, E. and
                  {Plum}, G. and {Poggio}, E. and {Poretti}, E. and
                  {Poujoulet}, E. and {Pr{\v{s}}a}, A. and {Pulone},
                  L. and {Racero}, E. and {Ragaini}, S. and {Rainer},
                  M. and {Raiteri}, C.~M. and {Rambaux}, N. and
                  {Ramos}, P. and {Re Fiorentin}, P. and {Regibo},
                  S. and {Reyl{\'e}}, C. and {Ripepi}, V. and {Riva},
                  A. and {Rixon}, G. and {Robichon}, N. and {Robin},
                  C. and {Roelens}, M. and {Rohrbasser}, L. and
                  {Romero-G{\'o}mez}, M. and {Rowell}, N. and {Royer},
                  F. and {Rybicki}, K.~A. and {Sadowski}, G. and
                  {Sagrist{\`a} Sell{\'e}s}, A. and {Sahlmann}, J. and
                  {Salgado}, J. and {Salguero}, E. and {Samaras},
                  N. and {Sanchez Gimenez}, V. and {Sanna}, N. and
                  {Santove{\~n}a}, R. and {Sarasso}, M. and
                  {Schultheis}, M. and {Sciacca}, E. and {Segol},
                  M. and {Segovia}, J.~C. and {S{\'e}gransan}, D. and
                  {Semeux}, D. and {Siddiqui}, H.~I. and {Siebert},
                  A. and {Siltala}, L. and {Slezak}, E. and {Smart},
                  R.~L. and {Solano}, E. and {Solitro}, F. and
                  {Souami}, D. and {Souchay}, J. and {Spagna}, A. and
                  {Spoto}, F. and {Steele}, I.~A. and {S{\"u}veges},
                  M. and {Szabados}, L. and {Szegedi-Elek}, E. and
                  {Taris}, F. and {Tauran}, G. and {Taylor}, M.~B. and
                  {Teixeira}, R. and {Thuillot}, W. and {Tonello},
                  N. and {Torra}, F. and {Torra}, J. and {Turon},
                  C. and {Unger}, N. and {Vaillant}, M. and {van
                  Dillen}, E. and {Vanel}, O. and {Vecchiato}, A. and
                  {Viala}, Y. and {Vicente}, D. and {Voutsinas},
                  S. and {Weiler}, M. and {Wevers}, T. and
                  {Wyrzykowski}, {\L}. and {Yoldas}, A. and {Yvard},
                  P. and {Zhao}, H. and {Zorec}, J. and {Zucker},
                  S. and {Zurbach}, C. and {Zwitter}, T.},
  title =	 "{Gaia Early Data Release 3. Acceleration of the
                  Solar System from Gaia astrometry}",
  journal =	 {\aap},
  keywords =	 {astrometry, proper motions, reference systems,
                  Galaxy: kinematics and dynamics, methods: data
                  analysis, Astrophysics - Astrophysics of Galaxies},
  year =	 2021,
  month =	 may,
  volume =	 649,
  eid =		 {A9},
  pages =	 {A9},
  doi =		 {10.1051/0004-6361/202039734},
  archivePrefix ={arXiv},
  eprint =	 {2012.02036},
  primaryClass = {astro-ph.GA},
  adsurl =
                  {https://ui.adsabs.harvard.edu/abs/2021A&A...649A...9G},
  adsnote =	 {Provided by the SAO/NASA Astrophysics Data System}
}

@ARTICLE{2021A&A...650A.201R,
  author =	 {{Reyl{\'e}}, C. and {Jardine}, K. and {Fouqu{\'e}},
                  P. and {Caballero}, J.~A. and {Smart}, R.~L. and
                  {Sozzetti}, A.},
  title =	 "{The 10 parsec sample in the Gaia era}",
  journal =	 {\aap},
  keywords =	 {parallaxes, stars: late-type, planetary systems,
                  solar neighborhood, galaxies: stellar content,
                  catalogs, Astrophysics - Solar and Stellar
                  Astrophysics, Astrophysics - Earth and Planetary
                  Astrophysics, Astrophysics - Astrophysics of
                  Galaxies},
  year =	 2021,
  month =	 jun,
  volume =	 650,
  eid =		 {A201},
  pages =	 {A201},
  doi =		 {10.1051/0004-6361/202140985},
  archivePrefix ={arXiv},
  eprint =	 {2104.14972},
  primaryClass = {astro-ph.SR},
  adsurl =
                  {https://ui.adsabs.harvard.edu/abs/2021A&A...650A.201R},
  adsnote =	 {Provided by the SAO/NASA Astrophysics Data System}
}

@ARTICLE{2021A&A...650C...3G,
  author =	 {{Gaia Collaboration} and {Brown}, A.~G.~A. and
                  {Vallenari}, A. and {Prusti}, T. and {de Bruijne},
                  J.~H.~J. and {Babusiaux}, C. and {Biermann}, M. and
                  {Creevey}, O.~L. and {Evans}, D.~W. and {Eyer},
                  L. and {Hutton}, A. and {Jansen}, F. and {Jordi},
                  C. and {Klioner}, S.~A. and {Lammers}, U. and
                  {Lindegren}, L. and {Luri}, X. and {Mignard}, F. and
                  {Panem}, C. and {Pourbaix}, D. and {Randich}, S. and
                  {Sartoretti}, P. and {Soubiran}, C. and {Walton},
                  N.~A. and {Arenou}, F. and {Bailer-Jones},
                  C.~A.~L. and {Bastian}, U. and {Cropper}, M. and
                  {Drimmel}, R. and {Katz}, D. and {Lattanzi},
                  M.~G. and {van Leeuwen}, F. and {Bakker}, J. and
                  {Cacciari}, C. and {Casta{\~n}eda}, J. and {De
                  Angeli}, F. and {Ducourant}, C. and {Fabricius},
                  C. and {Fouesneau}, M. and {Fr{\'e}mat}, Y. and
                  {Guerra}, R. and {Guerrier}, A. and {Guiraud},
                  J. and {Jean-Antoine Piccolo}, A. and {Masana},
                  E. and {Messineo}, R. and {Mowlavi}, N. and
                  {Nicolas}, C. and {Nienartowicz}, K. and {Pailler},
                  F. and {Panuzzo}, P. and {Riclet}, F. and {Roux},
                  W. and {Seabroke}, G.~M. and {Sordo}, R. and
                  {Tanga}, P. and {Th{\'e}venin}, F. and
                  {Gracia-Abril}, G. and {Portell}, J. and {Teyssier},
                  D. and {Altmann}, M. and {Andrae}, R. and
                  {Bellas-Velidis}, I. and {Benson}, K. and
                  {Berthier}, J. and {Blomme}, R. and {Brugaletta},
                  E. and {Burgess}, P.~W. and {Busso}, G. and {Carry},
                  B. and {Cellino}, A. and {Cheek}, N. and
                  {Clementini}, G. and {Damerdji}, Y. and {Davidson},
                  M. and {Delchambre}, L. and {Dell'Oro}, A. and
                  {Fern{\'a}ndez-Hern{\'a}ndez}, J. and {Galluccio},
                  L. and {Garc{\'\i}a-Lario}, P. and
                  {Garcia-Reinaldos}, M. and
                  {Gonz{\'a}lez-N{\'u}{\~n}ez}, J. and {Gosset},
                  E. and {Haigron}, R. and {Halbwachs}, J. -L. and
                  {Hambly}, N.~C. and {Harrison}, D.~L. and
                  {Hatzidimitriou}, D. and {Heiter}, U. and
                  {Hern{\'a}ndez}, J. and {Hestroffer}, D. and
                  {Hodgkin}, S.~T. and {Holl}, B. and {Jan{\ss}en},
                  K. and {Jevardat de Fombelle}, G. and {Jordan},
                  S. and {Krone-Martins}, A. and {Lanzafame},
                  A.~C. and {L{\"o}ffler}, W. and {Lorca}, A. and
                  {Manteiga}, M. and {Marchal}, O. and {Marrese},
                  P.~M. and {Moitinho}, A. and {Mora}, A. and
                  {Muinonen}, K. and {Osborne}, P. and {Pancino},
                  E. and {Pauwels}, T. and {Petit}, J. -M. and
                  {Recio-Blanco}, A. and {Richards}, P.~J. and
                  {Riello}, M. and {Rimoldini}, L. and {Robin},
                  A.~C. and {Roegiers}, T. and {Rybizki}, J. and
                  {Sarro}, L.~M. and {Siopis}, C. and {Smith}, M. and
                  {Sozzetti}, A. and {Ulla}, A. and {Utrilla}, E. and
                  {van Leeuwen}, M. and {van Reeven}, W. and {Abbas},
                  U. and {Abreu Aramburu}, A. and {Accart}, S. and
                  {Aerts}, C. and {Aguado}, J.~J. and {Ajaj}, M. and
                  {Altavilla}, G. and {{\'A}lvarez}, M.~A. and
                  {{\'A}lvarez Cid-Fuentes}, J. and {Alves}, J. and
                  {Anderson}, R.~I. and {Anglada Varela}, E. and
                  {Antoja}, T. and {Audard}, M. and {Baines}, D. and
                  {Baker}, S.~G. and {Balaguer-N{\'u}{\~n}ez}, L. and
                  {Balbinot}, E. and {Balog}, Z. and {Barache}, C. and
                  {Barbato}, D. and {Barros}, M. and {Barstow},
                  M.~A. and {Bartolom{\'e}}, S. and {Bassilana},
                  J. -L. and {Bauchet}, N. and {Baudesson-Stella},
                  A. and {Becciani}, U. and {Bellazzini}, M. and
                  {Bernet}, M. and {Bertone}, S. and {Bianchi}, L. and
                  {Blanco-Cuaresma}, S. and {Boch}, T. and {Bombrun},
                  A. and {Bossini}, D. and {Bouquillon}, S. and
                  {Bragaglia}, A. and {Bramante}, L. and {Breedt},
                  E. and {Bressan}, A. and {Brouillet}, N. and
                  {Bucciarelli}, B. and {Burlacu}, A. and {Busonero},
                  D. and {Butkevich}, A.~G. and {Buzzi}, R. and
                  {Caffau}, E. and {Cancelliere}, R. and
                  {C{\'a}novas}, H. and {Cantat-Gaudin}, T. and
                  {Carballo}, R. and {Carlucci}, T. and {Carnerero},
                  M.~I. and {Carrasco}, J.~M. and {Casamiquela},
                  L. and {Castellani}, M. and {Castro-Ginard}, A. and
                  {Castro Sampol}, P. and {Chaoul}, L. and {Charlot},
                  P. and {Chemin}, L. and {Chiavassa}, A. and {Cioni},
                  M. -R.~L. and {Comoretto}, G. and {Cooper},
                  W.~J. and {Cornez}, T. and {Cowell}, S. and {Crifo},
                  F. and {Crosta}, M. and {Crowley}, C. and {Dafonte},
                  C. and {Dapergolas}, A. and {David}, M. and {David},
                  P. and {de Laverny}, P. and {De Luise}, F. and {De
                  March}, R. and {De Ridder}, J. and {de Souza},
                  R. and {de Teodoro}, P. and {de Torres}, A. and {del
                  Peloso}, E.~F. and {del Pozo}, E. and {Delbo},
                  M. and {Delgado}, A. and {Delgado}, H.~E. and
                  {Delisle}, J. -B. and {Di Matteo}, P. and {Diakite},
                  S. and {Diener}, C. and {Distefano}, E. and
                  {Dolding}, C. and {Eappachen}, D. and {Edvardsson},
                  B. and {Enke}, H. and {Esquej}, P. and {Fabre},
                  C. and {Fabrizio}, M. and {Faigler}, S. and
                  {Fedorets}, G. and {Fernique}, P. and {Fienga},
                  A. and {Figueras}, F. and {Fouron}, C. and
                  {Fragkoudi}, F. and {Fraile}, E. and {Franke},
                  F. and {Gai}, M. and {Garabato}, D. and
                  {Garcia-Gutierrez}, A. and {Garc{\'\i}a-Torres},
                  M. and {Garofalo}, A. and {Gavras}, P. and
                  {Gerlach}, E. and {Geyer}, R. and {Giacobbe}, P. and
                  {Gilmore}, G. and {Girona}, S. and {Giuffrida},
                  G. and {Gomel}, R. and {Gomez}, A. and
                  {Gonzalez-Santamaria}, I. and {Gonz{\'a}lez-Vidal},
                  J.~J. and {Granvik}, M. and
                  {Guti{\'e}rrez-S{\'a}nchez}, R. and {Guy}, L.~P. and
                  {Hauser}, M. and {Haywood}, M. and {Helmi}, A. and
                  {Hidalgo}, S.~L. and {Hilger}, T. and {H{\l}adczuk},
                  N. and {Hobbs}, D. and {Holland}, G. and {Huckle},
                  H.~E. and {Jasniewicz}, G. and {Jonker}, P.~G. and
                  {Juaristi Campillo}, J. and {Julbe}, F. and
                  {Karbevska}, L. and {Kervella}, P. and {Khanna},
                  S. and {Kochoska}, A. and {Kontizas}, M. and
                  {Kordopatis}, G. and {Korn}, A.~J. and
                  {Kostrzewa-Rutkowska}, Z. and {Kruszy{\'n}ska},
                  K. and {Lambert}, S. and {Lanza}, A.~F. and {Lasne},
                  Y. and {Le Campion}, J. -F. and {Le Fustec}, Y. and
                  {Lebreton}, Y. and {Lebzelter}, T. and {Leccia},
                  S. and {Leclerc}, N. and {Lecoeur-Taibi}, I. and
                  {Liao}, S. and {Licata}, E. and {Lindstr{\o}m},
                  H.~E.~P. and {Lister}, T.~A. and {Livanou}, E. and
                  {Lobel}, A. and {Madrero Pardo}, P. and {Managau},
                  S. and {Mann}, R.~G. and {Marchant}, J.~M. and
                  {Marconi}, M. and {Marcos Santos}, M.~M.~S. and
                  {Marinoni}, S. and {Marocco}, F. and {Marshall},
                  D.~J. and {Martin Polo}, L. and
                  {Mart{\'\i}n-Fleitas}, J.~M. and {Masip}, A. and
                  {Massari}, D. and {Mastrobuono-Battisti}, A. and
                  {Mazeh}, T. and {McMillan}, P.~J. and {Messina},
                  S. and {Michalik}, D. and {Millar}, N.~R. and
                  {Mints}, A. and {Molina}, D. and {Molinaro}, R. and
                  {Moln{\'a}r}, L. and {Montegriffo}, P. and {Mor},
                  R. and {Morbidelli}, R. and {Morel}, T. and
                  {Morris}, D. and {Mulone}, A.~F. and {Munoz}, D. and
                  {Muraveva}, T. and {Murphy}, C.~P. and {Musella},
                  I. and {Noval}, L. and {Ord{\'e}novic}, C. and
                  {Orr{\`u}}, G. and {Osinde}, J. and {Pagani}, C. and
                  {Pagano}, I. and {Palaversa}, L. and {Palicio},
                  P.~A. and {Panahi}, A. and {Pawlak}, M. and
                  {Pe{\~n}alosa Esteller}, X. and {Penttil{\"a}},
                  A. and {Piersimoni}, A.~M. and {Pineau}, F. -X. and
                  {Plachy}, E. and {Plum}, G. and {Poggio}, E. and
                  {Poretti}, E. and {Poujoulet}, E. and {Pr{\v{s}}a},
                  A. and {Pulone}, L. and {Racero}, E. and {Ragaini},
                  S. and {Rainer}, M. and {Raiteri}, C.~M. and
                  {Rambaux}, N. and {Ramos}, P. and {Ramos-Lerate},
                  M. and {Re Fiorentin}, P. and {Regibo}, S. and
                  {Reyl{\'e}}, C. and {Ripepi}, V. and {Riva}, A. and
                  {Rixon}, G. and {Robichon}, N. and {Robin}, C. and
                  {Roelens}, M. and {Rohrbasser}, L. and
                  {Romero-G{\'o}mez}, M. and {Rowell}, N. and {Royer},
                  F. and {Rybicki}, K.~A. and {Sadowski}, G. and
                  {Sagrist{\`a} Sell{\'e}s}, A. and {Sahlmann}, J. and
                  {Salgado}, J. and {Salguero}, E. and {Samaras},
                  N. and {Sanchez Gimenez}, V. and {Sanna}, N. and
                  {Santove{\~n}a}, R. and {Sarasso}, M. and
                  {Schultheis}, M. and {Sciacca}, E. and {Segol},
                  M. and {Segovia}, J.~C. and {S{\'e}gransan}, D. and
                  {Semeux}, D. and {Shahaf}, S. and {Siddiqui},
                  H.~I. and {Siebert}, A. and {Siltala}, L. and
                  {Slezak}, E. and {Smart}, R.~L. and {Solano}, E. and
                  {Solitro}, F. and {Souami}, D. and {Souchay}, J. and
                  {Spagna}, A. and {Spoto}, F. and {Steele}, I.~A. and
                  {Steidelm{\"u}ller}, H. and {Stephenson}, C.~A. and
                  {S{\"u}veges}, M. and {Szabados}, L. and
                  {Szegedi-Elek}, E. and {Taris}, F. and {Tauran},
                  G. and {Taylor}, M.~B. and {Teixeira}, R. and
                  {Thuillot}, W. and {Tonello}, N. and {Torra}, F. and
                  {Torra}, J. and {Turon}, C. and {Unger}, N. and
                  {Vaillant}, M. and {van Dillen}, E. and {Vanel},
                  O. and {Vecchiato}, A. and {Viala}, Y. and
                  {Vicente}, D. and {Voutsinas}, S. and {Weiler},
                  M. and {Wevers}, T. and {Wyrzykowski}, {\L}. and
                  {Yoldas}, A. and {Yvard}, P. and {Zhao}, H. and
                  {Zorec}, J. and {Zucker}, S. and {Zurbach}, C. and
                  {Zwitter}, T.},
  title =	 "{Gaia Early Data Release 3. Summary of the contents
                  and survey properties (Corrigendum)}",
  journal =	 {\aap},
  keywords =	 {catalogs, astrometry, parallaxes, proper motions,
                  techniques: photometric, errata, addenda},
  year =	 2021,
  month =	 jun,
  volume =	 650,
  eid =		 {C3},
  pages =	 {C3},
  doi =		 {10.1051/0004-6361/202039657e},
  adsurl =
                  {https://ui.adsabs.harvard.edu/abs/2021A&A...650C...3G},
  adsnote =	 {Provided by the SAO/NASA Astrophysics Data System}
}

@ARTICLE{2021ApJS..253....7K,
  author =	 {{Kirkpatrick}, J. Davy and {Gelino}, Christopher
                  R. and {Faherty}, Jacqueline K. and {Meisner}, Aaron
                  M. and {Caselden}, Dan and {Schneider}, Adam C. and
                  {Marocco}, Federico and {Cayago}, Alfred J. and
                  {Smart}, R.~L. and {Eisenhardt}, Peter R. and
                  {Kuchner}, Marc J. and {Wright}, Edward L. and
                  {Cushing}, Michael C. and {Allers}, Katelyn N. and
                  {Bardalez Gagliuffi}, Daniella C. and {Burgasser},
                  Adam J. and {Gagn{\'e}}, Jonathan and {Logsdon},
                  Sarah E. and {Martin}, Emily C. and {Ingalls}, James
                  G. and {Lowrance}, Patrick J. and {Abrahams},
                  Ellianna S. and {Aganze}, Christian and {Gerasimov},
                  Roman and {Gonzales}, Eileen C. and {Hsu}, Chih-Chun
                  and {Kamraj}, Nikita and {Kiman}, Rocio and {Rees},
                  Jon and {Theissen}, Christopher and {Ammar}, Kareem
                  and {Andersen}, Nikolaj Stevnbak and {Beaulieu},
                  Paul and {Colin}, Guillaume and {Elachi}, Charles
                  A. and {Goodman}, Samuel J. and {Gramaize},
                  L{\'e}opold and {Hamlet}, Leslie K. and {Hong},
                  Justin and {Jonkeren}, Alexander and {Khalil},
                  Mohammed and {Martin}, David W. and {Pendrill},
                  William and {Pumphrey}, Benjamin and {Rothermich},
                  Austin and {Sainio}, Arttu and {Stenner}, Andres and
                  {Tanner}, Christopher and {Th{\'e}venot}, Melina and
                  {Voloshin}, Nikita V. and {Walla}, Jim and
                  {W{\k{e}}dracki}, Zbigniew and {Backyard Worlds:
                  Planet 9 Collaboration}},
  title =	 "{The Field Substellar Mass Function Based on the
                  Full-sky 20 pc Census of 525 L, T, and Y Dwarfs}",
  journal =	 {\apjs},
  keywords =	 {Stellar mass functions, Trigonometric parallax,
                  Brown dwarfs, Solar neighborhood, Absolute
                  magnitude, Stellar effective temperatures, L dwarfs,
                  T dwarfs, Y dwarfs, Stellar classification, Binary
                  stars, Two-color diagrams, 1612, 1713, 185, 1509,
                  10, 1597, 894, 1679, 1827, 1589, 154, 1724,
                  Astrophysics - Solar and Stellar Astrophysics},
  year =	 2021,
  month =	 mar,
  volume =	 253,
  number =	 1,
  eid =		 7,
  pages =	 7,
  doi =		 {10.3847/1538-4365/abd107},
  archivePrefix ={arXiv},
  eprint =	 {2011.11616},
  primaryClass = {astro-ph.SR},
  adsurl =       {https://ui.adsabs.harvard.edu/abs/2021ApJS..253....7K},
  adsnote =	 {Provided by the SAO/NASA Astrophysics Data System}
}

@ARTICLE{2021ApJS..253....8M,
  author =	 {{Marocco}, Federico and {Eisenhardt}, Peter
                  R.~M. and {Fowler}, John W. and {Kirkpatrick},
                  J. Davy and {Meisner}, Aaron M. and {Schlafly},
                  Edward F. and {Stanford}, S.~A. and {Garcia}, Nelson
                  and {Caselden}, Dan and {Cushing}, Michael C. and
                  {Cutri}, Roc M. and {Faherty}, Jacqueline K. and
                  {Gelino}, Christopher R. and {Gonzalez}, Anthony
                  H. and {Jarrett}, Thomas H. and {Koontz}, Renata and
                  {Mainzer}, Amanda and {Marchese}, Elijah J. and
                  {Mobasher}, Bahram and {Schlegel}, David J. and
                  {Stern}, Daniel and {Teplitz}, Harry I. and
                  {Wright}, Edward L.},
  title =	 "{The CatWISE2020 Catalog}",
  journal =	 {\apjs},
  keywords =	 {Astronomy databases, Infrared astronomy, Infrared
                  photometry, Catalogs, 83, 786, 792, 205,
                  Astrophysics - Instrumentation and Methods for
                  Astrophysics},
  year =	 2021,
  month =	 mar,
  volume =	 253,
  number =	 1,
  eid =		 8,
  pages =	 8,
  doi =		 {10.3847/1538-4365/abd805},
  archivePrefix ={arXiv},
  eprint =	 {2012.13084},
  primaryClass = {astro-ph.IM},
  adsurl =
                  {https://ui.adsabs.harvard.edu/abs/2021ApJS..253....8M},
  adsnote =	 {Provided by the SAO/NASA Astrophysics Data System}
}

@ARTICLE{2021MNRAS.503.5397K,
  author =	 {{Kilic}, Mukremin and {Bergeron}, P. and {Blouin},
                  Simon and {B{\'e}dard}, A.},
  title =	 "{The most massive white dwarfs in the solar
                  neighbourhood}",
  journal =	 {\mnras},
  keywords =	 {stars: evolution, white dwarfs, Astrophysics - Solar
                  and Stellar Astrophysics},
  year =	 2021,
  month =	 jun,
  volume =	 503,
  number =	 4,
  pages =	 {5397-5408},
  doi =		 {10.1093/mnras/stab767},
  archivePrefix ={arXiv},
  eprint =	 {2103.06906},
  primaryClass = {astro-ph.SR},
  adsurl =
                  {https://ui.adsabs.harvard.edu/abs/2021MNRAS.503.5397K},
  adsnote =	 {Provided by the SAO/NASA Astrophysics Data System}
}

{"error": "no result from solr@ARTICLE{2009A&A...507..251C,
       author = {{Caballero}, J.~A.},
        title = "{Reaching the boundary between stellar kinematic groups and very wide binaries. The Washington double stars with the widest angular separations}",
      journal = {\aap},
     keywords = {astronomical data bases: miscellaneous, binaries: general, binaries: visual, stars: kinematics, Astrophysics - Solar and Stellar Astrophysics, Astrophysics - Astrophysics of Galaxies},
         year = 2009,
        month = nov,
       volume = {507},
       number = {1},
        pages = {251-259},
          doi = {10.1051/0004-6361/200912596},
archivePrefix = {arXiv},
       eprint = {0908.2761},
 primaryClass = {astro-ph.SR},
       adsurl = {https://ui.adsabs.harvard.edu/abs/2009A&A...507..251C},
      adsnote = {Provided by the SAO/NASA Astrophysics Data System}
}

@ARTICLE{2010AJ....139.2566D,
       author = {{Dhital}, Saurav and {West}, Andrew A. and {Stassun}, Keivan G. and {Bochanski}, John J.},
        title = "{Sloan Low-mass Wide Pairs of Kinematically Equivalent Stars (SLoWPoKES): A Catalog of Very Wide, Low-mass Pairs}",
      journal = {\aj},
     keywords = {binaries: general, binaries: visual, brown dwarfs, stars: late-type, stars: low-mass, stars: statistics, subdwarfs, white dwarfs, Astrophysics - Solar and Stellar Astrophysics, Astrophysics - Astrophysics of Galaxies},
         year = 2010,
        month = jun,
       volume = {139},
       number = {6},
        pages = {2566-2586},
          doi = {10.1088/0004-6256/139/6/2566},
archivePrefix = {arXiv},
       eprint = {1004.2755},
 primaryClass = {astro-ph.SR},
       adsurl = {https://ui.adsabs.harvard.edu/abs/2010AJ....139.2566D},
      adsnote = {Provided by the SAO/NASA Astrophysics Data System}
}

